3076 5190
678 527 851 599 -72..

206 705 287 777 dalis
321 713 412 790 inest,
448 713 504 777 sed
539 713 572 776 in
608 712 766 777 infinitivo
800 710 870 793 (aut
894 710 1121 794 coniunctivo),
1147 712 1205 796 qui
1232 713 1273 778 ab
1298 731 1334 777 eo

206 820 334 905 pendet,
368 821 418 884 vel
456 821 562 905 potius
597 821 631 883 in
666 823 801 902 utroque
826 819 984 883 artissime
1009 819 1198 884 coniunctis.
1248 818 1332 884 Nam

206 949 277 992 cum
301 928 443 1010 proxime
468 949 539 991 cum
563 927 720 991 infinitivo
743 948 800 991 suo
824 927 957 991 verbum
981 926 1105 990 modale
1130 927 1331 1003 cohaereret,

205 1035 275 1098 fieri
310 1034 363 1099 vix
397 1035 512 1118 potuit,
548 1033 624 1119 quin
659 1035 706 1097 ita
740 1034 939 1117 potissimum
971 1033 1070 1098 verba
1093 1034 1330 1117 acciperentur,

205 1142 297 1226 quasi
329 1142 547 1206 coniunctivus
571 1141 707 1225 protasis
731 1141 764 1204 in
788 1140 933 1205 absoluta
957 1140 1089 1225 periodo
1113 1141 1330 1208 condicionali

205 1249 411 1332 responderet
443 1247 481 1312 ad
516 1247 725 1312 indicativum
760 1247 850 1310 illum
883 1268 954 1311 oum
979 1247 1137 1313 infinitivo
1161 1253 1233 1325 (aut
1257 1272 1329 1314 oon·

206 1356 360 1432 iunotiv0)
395 1355 578 1439 copulatum
592 1351 626 1435 ¹).
673 1351 735 1429 Qui
758 1354 934 1419 infinitivus
958 1351 1028 1433 (aut
1051 1355 1289 1438 coniunctivus)
1312 1381 1331 1420 a

205 1462 323 1528 modali
348 1463 445 1526 verbo
468 1462 610 1546 pendens
634 1481 705 1524 cnm
731 1459 817 1524 haud
853 1483 925 1524 raro
949 1482 1010 1524 non
1035 1461 1254 1527 ascriberetur
1277 1465 1330 1528 sed

206 1569 378 1647 audiretur,
404 1591 441 1633 eo
464 1568 590 1632 facilius
614 1567 772 1651 latiusque
797 1567 849 1630 hic
872 1590 947 1632 usus
973 1567 1135 1632 indicativi
1154 1571 1248 1634 verbi
1264 1594 1330 1635 mo·

207 1676 288 1740 dalis
312 1675 352 1739 ad
376 1676 512 1758 protasis
536 1675 770 1739 coniunctivum
788 1675 1007 1757 respondentis
1023 1675 1192 1756 analogiae
1210 1678 1330 1742 auxilio

205 1804 334 1867 serpere
370 1783 484 1866 potuit.
522 1817 560 1827 ·-
598 1780 634 1845 Id
669 1774 794 1864 quoque
830 1783 1019 1845 monendum
1044 1785 1103 1856 est,
1128 1783 1330 1864 parenthesis

207 1889 274 1953 fere
299 1889 367 1953 loco
390 1888 476 1952 haud
500 1910 572 1952 raro
596 1910 664 1952 esse
689 1889 906 1953 condicionem
923 1888 1023 1967 illam,
1039 1909 1104 1972 qna
1120 1890 1330 1975 restringitur

206 1996 397 2060 indicativus
432 1996 521 2060 verbi
558 1995 699 2072 modalis,
733 1996 787 2078 qui
812 2017 870 2079 per
893 2017 926 2058 se
951 1995 1094 2059 absolute
1119 1995 1207 2060 valet
1227 2034 1275 2055 .—
1298 2001 1331 2062 et

206 2104 335 2186 quidem
358 2125 420 2168 non
448 2101 548 2166 solum
574 2103 627 2164 ubi
652 2103 835 2165 concessiva
859 2101 908 2184 (ut
931 2101 1025 2167 Most.
1043 2102 1117 2166 351.
1143 2101 1211 2167 Nec
1235 2103 1330 2170 Solus

205 2210 293 2274 uehis
326 2211 424 2273 saluti
457 2207 524 2273 ium
557 2230 628 2288 esse,
653 2210 682 2271 si
704 2210 819 2292 cupiat,
841 2208 963 2292 potest.)
987 2213 1042 2272 aut
1065 2210 1209 2293 optativa
1232 2211 1277 2292 (si
1289 2240 1328 2266 =

205 2316 235 2380 si
267 2317 358 2380 uwdo
392 2316 444 2380 vel
473 2316 550 2379 dum
573 2319 608 2378 ut
632 2314 723 2399 Capt.
749 2315 813 2380 850
839 2315 906 2378 Seis
929 2316 1001 2379 hene
1023 2336 1095 2397 ease,
1118 2318 1148 2379 si
1170 2319 1212 2380 sit
1234 2320 1328 2399 uude)

206 2427 255 2487 est
279 2422 369 2486 cond.
394 2425 486 2501 sent,
510 2421 685 2485 sedetiam
710 2422 765 2486 uhi
788 2422 924 2485 si'idem
950 2423 1104 2506 estquod
1128 2425 1156 2486 si
1177 2423 1263 2505 forte
1282 2429 1329 2503 (ut

205 2529 239 2593 in
262 2528 359 2594 Poen.
385 2529 449 2592 864
481 2528 586 2610 fucere
617 2549 754 2612 possum,
784 2529 934 2592 sioclim.
982 2528 1038 2593 cfr
1061 2529 1160 2610 Mero.
1186 2531 1264 2597 430.
1288 2534 1329 2597 At

206 2657 259 2720 eqo
281 2637 310 2699 si
332 2637 431 2706 uelim,
455 2637 519 2699 ium
543 2636 670 2713 dautur,
696 2636 747 2700 vel
771 2634 853 2700 Rud.
881 2636 976 2700 1020.
1001 2635 1146 2722 Numqui
1167 2624 1330 2720 minuati

206 2745 309 2806 ueuicu
342 2763 427 2805 uuuo
460 2743 604 2806 domiuus
638 2741 772 2826 quoiast,
810 2764 862 2827 eqo
897 2779 940 2787 -
971 2741 1029 2823 fur
1061 2764 1130 2807 sum
1153 2766 1250 2829 quom
1274 2746 1332 2810 tu?

207 2848 326 2933 Amph.
351 2849 426 2925 336,
462 2852 507 2914 St.
533 2850 607 2928 171,
643 2848 739 2914 Poen.
766 2849 861 2913 1085.
898 2871 965 2912 meo
1003 2885 1041 2894 -
1071 2849 1202 2932 habebit,
1225 2854 1331 2938 siquid

206 2978 254 3020 me
275 2956 348 3038 fuot
371 2953 456 3039 [fuit
480 2953 535 3040 B],
560 2954 647 3021 Trin.
676 2956 762 3038 157).

313 3080 350 3146 B.
396 3085 568 3145 Indioativi
604 3081 751 3164 exempla
787 3080 831 3143 nil
856 3082 972 3144 attinet
996 3082 1028 3143 in
1053 3104 1086 3144 re
1112 3087 1226 3166 aperta
1250 3106 1327 3149 euu-

206 3209 340 3265 merare‚
376 3188 431 3270 qui
465 3187 615 3272 frequens
650 3187 773 3250 scilicet
797 3188 887 3250 nobis
911 3188 1050 3251 occurrit
1074 3188 1106 3251 in
1131 3191 1328 3255 secundariis

206 3300 297 3370 sent..
323 3317 404 3378 quae
429 3295 467 3357 ad
493 3294 723 3358 nominativum
748 3317 774 3360 c.
801 3294 858 3358 inf.
876 3297 943 3370 (aut
964 3295 1210 3378 impersonalem
1226 3300 1327 3361 strue·

206 3405 311 3466 turam
334 3422 416 3484 quae
440 3401 523 3464 idem
548 3401 643 3478 valet,
673 3403 709 3463 ut
732 3404 886 3473 certumst,
902 3429 943 3453 =
957 3402 1093 3481 decrevi,
1119 3403 1203 3481 v0103
1231 3405 1342 3491 pudet·

207 3535 249 3562 =
262 3507 347 3584 nolo)
382 3529 416 3570 se
452 3507 625 3591 applicant,
661 3507 727 3571 sive
762 3508 794 3570 in
819 3509 914 3570 certis
938 3510 1033 3572 rebus
1056 3513 1236 3588 versantur,
1261 3512 1326 3576 sive

207 3616 239 3678 in
263 3615 397 3678 infinitis
421 3619 456 3677 ut
479 3613 570 3699 capt.
598 3614 672 3693 352,

206 3721 275 3786 Mil.
301 3721 442 3786 645-6.
470 3719 675 3785 dommoruna·
698 3757 740 3766 -
765 3721 926 3803 tacere[tl‚
952 3742 1044 3802 quom
1060 3722 1198 3789 alienus!
1213 3725 1327 3806 cratia

207 3830 304 3893 etiam
327 3828 360 3892 in
384 3828 439 3906 eis,
465 3849 546 3910 quae
571 3828 611 3890 ad
634 3827 776 3891 futurum
801 3833 926 3910 tempus
950 3833 1096 3912 spectant
1112 3835 1148 3894 ut
1164 3831 1233 3897 Mil.
1251 3833 1325 3910 312,

207 3934 277 4000 Cas.
303 3935 421 4010 91--2,

315 4074 334 4141 ¹)
352 4077 415 4140 Quo
434 4078 521 4130 etiam
542 4081 607 4144 post
626 4078 734 4130 facturn
754 4082 807 4143 est,
821 4082 853 4129 ut
865 4077 1011 4129 interdum
1025 4079 1228 4133 coniunctivus
1247 4079 1326 4135 verbi

206 4166 328 4218 modalis
355 4166 527 4232 proveniret,
554 4166 742 4219 concinnitati
771 4167 921 4218 modorum
950 4168 1121 4220 inserviens.
1171 4167 1222 4221 cfr
1246 4170 1325 4221 True.

206 4253 259 4307 315
278 4269 398 4308 curamur
416 4271 467 4322 pro
487 4269 585 4308 eeuaeo.
