3076 5190
678 575 848 639 ..58-

205 753 273 820 Mil.
298 754 393 821 1035.
418 755 475 820 Me
497 753 676 835 inclamato,
700 752 797 838 quia
818 752 865 818 sia
888 760 917 817 te
939 754 1024 837 aalqa
1045 754 1208 838 aaiqem.

528 860 590 946 [aia
613 869 675 925 iam
700 861 785 937 libri,
813 882 894 926 corr.
917 858 1004 945 Pyl.]

315 1041 355 1050 —
376 1003 461 1069 Vere
484 1005 647 1089 obliquum
672 1026 740 1068 esse
762 1003 846 1068 hunc
862 1003 1100 1068 coniunctivum
1115 1004 1191 1068 inde
1210 1005 1327 1086 elucet,

206 1113 411 1198 quodetiam
435 1113 467 1176 in
491 1112 586 1177 rebus
601 1113 697 1178 certis
720 1111 866 1196 verisque
890 1111 1055 1175 narrandis
1080 1115 1268 1195 usurpatur,
1295 1116 1329 1177 ui

208 1219 277 1285 Mil.
304 1219 467 1298 1166-7,
492 1218 585 1284 Trua.
611 1218 686 1284 589.

313 1379 580 1465 Temporales
603 1382 677 1444 sunt
700 1383 780 1445 seni.

206 1504 262 1570 Aa.
289 1505 365 1570 367.
421 1525 548 1568 narra
571 1504 645 1568 haee
666 1511 702 1568 ut
724 1524 781 1568 uae
803 1503 909 1568 aeluri
930 1524 1057 1567 eumue:

422 1610 465 1675 Te
487 1631 525 1675 era
548 1609 691 1675 Leonida
713 1610 859 1693 futurum
882 1630 947 1674 erse
969 1609 1139 1675 atriensem
1159 1612 1330 1695 Sauream,

420 1718 520 1783 Dum
547 1725 710 1802 arqeutum
733 1717 899 1800 adferat
922 1725 1076 1782 mercator
1094 1739 1157 1803 pra
1181 1717 1297 1785 aeirem.

207 1825 275 1891 Mil.
301 1826 396 1890 1166.
421 1826 512 1891 hacce
534 1845 597 1889 esse
620 1824 708 1889 aedis
730 1824 847 1890 dieas
869 1823 985 1889 dotalis
1007 1831 1097 1889 tuuc:

419 1931 508 1997 Hiuc
540 1952 643 1996 aerem
667 1953 724 2016 apa
747 1939 775 1996 te
797 1931 906 2013 abisse,
927 1939 1140 2017 postquam
1174 1934 1333 2014 feceris

525 2037 705 2104 diuortium.

296 2144 431 2230 [d(iea)8
454 2145 494 2224 Α,
520 2146 603 2211 dieat
626 2146 742 2222 aeteri;
775 2145 877 2210 abisse
900 2145 940 2225 A,
965 2145 1078 2210 abiisei
1101 2145 1241 2233 acteri3]

206 2269 540 2336 Rud.1336.Deiera
563 2279 592 2335 te
613 2270 660 2335 mi
682 2278 844 2356 aryeutum
868 2272 1019 2335 daturum

419 2378 537 2442 Eadem
560 2377 611 2442 die
635 2375 724 2462 (aar)
748 2377 851 2442 riduii
874 2379 940 2442 ubi
961 2376 1020 2442 sis
1039 2377 1168 2461 paraus.

389 2483 530 2568 [Deiura
554 2486 621 2550 aad.
647 2508 725 2550 carr.
750 2484 855 2549 Benil.
882 2481 971 2570 (tui)
998 2482 1114 2570 Seuff]
1128 2482 1154 2568 ¹)

313 2644 534 2711 Relativae
561 2649 635 2710 sunt
658 2650 738 2712 sent.

207 2769 276 2834 Mil.
304 2770 376 2834 182.
421 2771 443 2834 Ι
461 2769 517 2852 sia,
541 2769 611 2835 iube
634 2769 773 2835 transire
795 2772 854 2835 hue
876 2780 1030 2857 quantum
1051 2771 1159 2855 possit,

387 2877 476 2962 [istu
499 2877 538 2957 A,
562 2877 608 2942 ais
631 2877 727 2959 BcD,
749 2877 780 2942 ai
802 2885 846 2942 est
869 2877 932 2956 FZ;
950 2877 1075 2962 poesim
1098 2876 1145 2963 A]

305 3002 379 3067 981.
421 3002 496 3067 Iube
528 3001 590 3066 aar·
623 3023 739 3067 aarum
774 3010 865 3089 atque
887 3010 1073 3068 oruameuia
1095 3024 1174 3089 quae
1196 3004 1250 3069 iili
1277 3005 1330 3099 iu·

524 3108 643 3174 strumii
664 3108 793 3175 mulieri

419 3216 510 3288 Deua
532 3216 650 3297 habere,
675 3213 837 3299 auferre*
855 3218 908 3281 aba
931 3225 959 3282 te
983 3239 1055 3303 qua
1079 3217 1330 3318 lubeatcibi

209 3337 351 3423 [auferet
375 3340 472 3418 1301),
507 3341 635 3425 auferre
658 3340 725 3422 FZ;
760 3343 842 3428 quad
865 3341 930 3421 cD,
954 3341 1059 3407 iubeat
1082 3342 1150 3408 BG:
1174 3365 1255 3409 corr,
1280 3343 1328 3429 D]

162 3536 166 3543 ,
206 3463 300 3530 Truc.
319 3465 393 3531 589.
418 3465 481 3530 Dia
504 3466 539 3530 ab
561 3467 635 3531 haee
657 3468 750 3548 dama,
775 3487 873 3552 quae
892 3463 897 3551 Ι
918 3467 961 3530 ad
983 3488 1030 3532 me
1053 3466 1225 3550 miserit,

422 3572 479 3637 Me
502 3572 593 3637 ilium
617 3595 725 3638 amare
746 3575 930 3658 plurumum
941 3570 978 3657 ²).

320 3765 339 3833 ¹)
357 3768 404 3820 Nil
422 3769 525 3835 prabet

370 3858 473 3910 Bacch.
494 3857 554 3911 173.
590 3860 779 3925 irmeraquete

592 3944 634 3999 Ne
652 3945 816 4000 Nicobulum
834 3964 875 4000 me
893 3947 969 4002 aum
991 3978 1024 3984 -

592 4034 679 4088 Prius
697 4035 837 4090 convenire
856 4053 937 4104 quam
956 4037 1073 4091 sodalem
1091 4037 1216 4094 iridcrim.

318 4121 338 4191 ²)
356 4125 411 4177 Sed
430 4141 482 4192 per
501 4141 532 4177 se
551 4128 627 4178 stare
647 4126 741 4192 potuit
759 4127 832 4178 coni.
852 4127 989 4180 relativae
1008 4131 1083 4180 sent.

425 4214 513 4270 Persa
532 4213 591 4266 302.
629 4212 766 4267 Paratum
783 4213 840 4267 iam
859 4230 912 4268 ease
930 4214 1023 4279 dicito,
1045 4215 1116 4274 uuae

628 4305 771 4374 arymtum
789 4301 829 4356 eit
838 4301 983 4374 futurum.
