3076 5190
679 638 718 694 -.
744 600 806 664 113
832 635 873 646 -

319 775 425 842 Facile
450 780 554 842 estin
580 778 815 843 coniunctivum
839 779 971 842 babeam
995 780 1167 864 corrigere,
1185 800 1331 863 praeser-

209 880 267 944 tim
294 904 363 948 cum
389 885 421 948 in
446 886 554 949 multis
577 886 856 950 terminationibus
879 887 964 950 intra
990 884 1047 950 hos
1072 908 1182 951 versus
1206 887 1330 951 codices

218 992 363 1056 racillent
397 995 432 1056 ut
458 994 521 1058 232
558 993 604 1055 nu
633 992 721 1056 babet
744 991 785 1068 A,
809 993 874 1057 233
898 993 970 1056 derit
995 991 1089 1057 BOD.
1137 991 1199 1058 Sed
1223 994 1332 1057 nescio

211 1121 250 1161 an
274 1098 466 1163 indicativus
490 1120 528 1162 ea
550 1121 585 1172 re
610 1098 810 1177 defendatur,
834 1099 917 1182 quod
943 1101 1074 1164 verbum
1098 1100 1173 1164 aliia
1196 1100 1331 1164 relativa

210 1205 369 1268 sententia
393 1205 504 1268 definit
527 1206 635 1289 itaque
661 1226 727 1269 rem
750 1209 953 1288 praesentem
969 1207 1124 1290 explicat:
1148 1207 1231 1271 sicut
1247 1207 1284 1270 fit
1300 1208 1332 1269 iu

215 1327 309 1394 Persa
324 1331 399 1394 372.
425 1351 549 1414 viperam
574 1331 622 1404 do,
647 1351 685 1394 ne
708 1332 780 1394 clii
803 1332 909 1394 dicant
932 1330 1067 1415 quibus
1091 1332 1187 1397 licet.

214 1436 301 1520 Capt.
326 1438 400 1502 906.
425 1437 510 1501 Nom
543 1439 572 1500 si
606 1438 686 1500 ulia
709 1457 873 1502 memorem
895 1459 990 1523 quoe
1014 1439 1057 1501 ud
1079 1442 1194 1502 centris
1217 1441 1328 1502 victum

530 1544 745 1607 conducunt
767 1553 896 1608 morast.
1102 1554 1104 1559 '

318 1723 347 1786 b.
395 1721 542 1787 Futuri
566 1722 757 1787 indicativus
782 1726 840 1785 est.

316 1846 362 1912 Ut
397 1848 574 1930 praesentis
615 1847 659 1911 ita
693 1846 793 1910 futuri
834 1848 998 1911 indicativi
1042 1837 1228 1912 verborum⁴
1246 1849 1330 1925 celle,

210 1954 312 2017 iubere
336 1955 457 2039 aliquot
480 1957 571 2018 sunt:

317 2096 485 2161 Praecedit
508 2097 565 2160 rel.
591 2100 671 2160 sent.

214 2222 270 2304 up.
297 2221 370 2286 595.
429 2221 486 2284 Udi
508 2221 588 2285 coles
608 2228 700 2304 poter
722 2241 794 2301 ease,
819 2221 861 2282 ibi
885 2228 962 2284 esto:
984 2220 1046 2284 ubi
1070 2222 1180 2297 uoles,
1205 2242 1242 2284 rie
1263 2222 1330 2300 fue·

529 2330 576 2391 ris
597 2334 697 2411 puter.

492 2432 602 2518 [poter
625 2433 750 2511 estod,
775 2433 819 2496 ibi
842 2441 902 2497 esto
927 2430 1041 2517 ceteri]

161 2576 167 2589 ·
211 2542 292 2606 itud.
318 2542 392 2606 485.
422 2542 516 2624 mm·
538 2541 627 2604 tomo
650 2561 712 2605 sese
735 2543 885 2604 rainerum
908 2547 935 2604 et
957 2541 1135 2603 mendicum
1157 2541 1254 2605 colet

423 2647 571 2732 Neptuno
592 2647 700 2711 credat
722 2669 793 2712 sese.

210 2755 278 2819 Mil.
305 2755 357 2818 81.
425 2755 496 2834 Qui
520 2761 621 2818 cutem
646 2755 824 2818 auscultare
847 2755 956 2831 motet,
982 2761 1130 2837 exsurqot
1152 2753 1251 2833 foros.

210 2859 447 2943 [vruscultobrmt
470 2858 523 2924 Bc
547 2860 636 2943 (cunr
660 2881 704 2925 er.
730 2859 783 2941 D),
817 2882 896 2924 corr.
922 2855 974 2939 13²,
999 2860 1091 2924 recitet
1116 2856 1226 2935 3¹01),
1252 2859 1331 2924 molit

521 2964 564 3032 13¹
588 2969 721 3032 fortasse
745 2971 842 3047 recte,
866 2969 947 3031 molet
970 2965 1010 3044 F]

316 3090 467 3177 Sequitur
490 3092 548 3157 rel.
572 3096 653 3157 sent.

212 3211 265 3273 As.
292 3207 366 3272 781.
422 3207 523 3272 Deum
546 3209 662 3271 invocet
684 3207 743 3271 eibi
766 3228 874 3292 quam
898 3207 1037 3270 iubebit
1057 3208 1240 3290 propitium.

208 3326 264 3408 qui
296 3346 377 3389 unus
412 3328 461 3387 est
493 3323 684 3387 indicativus
719 3323 803 3386 inter
838 3323 1004 3386 continuos
1039 3323 1254 3388 coniunctivos
1277 3345 1328 3387 rv.

209 3431 375 3496 756-86.

316 3538 376 3601 Sed
411 3537 508 3616 etiam
538 3538 707 3603 verborum
732 3559 794 3600 non
818 3536 989 3600 modalium
1015 3537 1114 3601 futuri
1138 3537 1329 3600 indicativus

208 3645 367 3708 interdum
392 3642 571 3722 adhibetur,
600 3646 636 3708 ut
660 3665 725 3707 rem
750 3647 783 3706 et
806 3644 974 3708 certiorem
1000 3643 1112 3707 reddat
1136 3644 1222 3707 etin
1247 3643 1328 3706 futu-

208 3764 280 3816 rum
302 3759 429 3833 tempus
452 3751 595 3834 apertius
619 3750 757 3835 deleget.

210 3865 308 3930 Persa
324 3866 399 3930 524.
423 3865 471 3928 Ac
493 3886 550 3929 auc
570 3866 711 3949 periculo
732 3867 761 3930 is
784 3873 866 3930 emat
888 3867 943 3950 qui
966 3886 1034 3929 eom
1056 3864 1256 3930 mercabitur.

484 3969 618 4056 [periodo
642 3970 676 4047 P,
701 3974 756 4057 qui
779 3971 818 4051 A,
843 3973 988 4057 quicum
1013 3968 1053 4055 P]

210 4087 271 4151 Hic
305 4087 388 4151 enim
413 4087 605 4151 indicativus
629 4087 729 4151 futuri
753 4092 808 4151 aut
832 4086 1056 4151 confidentiam
1080 4087 1250 4150 scribentis
1274 4108 1330 4150 ex-

209 4193 329 4278 primit,
353 4193 421 4258 fore
446 4196 482 4257 ut
504 4193 624 4262 femina
639 4198 764 4268 veneat,
783 4198 837 4257 aut
853 4193 1073 4257 tantummodo
1097 4193 1230 4256 futuri
1247 4197 1329 4257 tem·

208 4301 294 4384 poris
318 4301 481 4365 notionem
502 4301 651 4377 intendit,
675 4304 711 4365 ut
733 4301 767 4364 in

1205 4424 1223 4476 8
