3076 5190
653 585 799 652 -3..

167 764 299 828 ccicdoet
334 765 453 829 werden
489 767 579 841 aoll“‚
614 766 686 828 huic
722 788 852 829 normae
885 767 1104 830 contradicunt
1126 766 1204 830 talia
1228 788 1280 830 ex-

168 873 282 957 empla,
306 873 400 957 quale
425 877 473 936 est

243 979 291 1043 Pl.
316 978 410 1044 Truc.
437 981 508 1045 190.
536 979 650 1043 Melius
673 982 736 1042 ium
759 979 828 1060 fore
850 1001 947 1063 apere,
972 980 1024 1043 udi
1048 988 1074 1043 te
1099 981 1216 1059 uidebit,

167 1087 198 1149 in
234 1109 296 1169 quo
329 1109 379 1152 ex.
404 1109 474 1150 cunr
499 1087 629 1151 licentia
653 1087 789 1170 quadam
813 1087 1003 1150 indicativus
1027 1086 1190 1150 adhibitus
1214 1108 1282 1150 esse

169 1192 321 1257 thnero
353 1195 479 1257 videtur
512 1194 558 1271 (in
583 1193 638 1255 inf.
663 1216 694 1276 p.
722 1194 830 1273 1035),
859 1215 1050 1276 quamquam
1075 1194 1107 1256 in
1130 1196 1198 1256 tota
1220 1194 1281 1257 lin·

167 1322 230 1382 gua
275 1300 374 1365 latina
414 1301 585 1383 diligenter
629 1300 824 1363 examinanti
863 1301 1052 1364 indicativus
1087 1302 1174 1364 iuxta
1211 1323 1281 1364 cum

60 1472 64 1478 ,
170 1408 370 1471 coniunctivo
406 1409 515 1471 modus
550 1407 712 1489 legitimus
749 1428 816 1471 esse
852 1408 1030 1490 reperietur
1064 1408 1097 1471 in
1132 1407 1282 1491 perindie,

168 1536 248 1597 quae
273 1538 291 1578 a
316 1513 329 1578 Ι
354 1537 506 1598 personae
530 1515 707 1599 praesentis
731 1515 836 1577 verbis
860 1514 1009 1597 pendent.

272 1620 345 1687 Una
369 1644 438 1685 cum
466 1622 617 1686 Ktihnero
642 1622 742 1705 igitur
765 1625 877 1705 peccat
900 1619 1078 1703 Dromo-2³]
1123 1622 1172 1685 cui
1197 1622 1280 1685 omni

168 1729 290 1791 ratione
315 1750 422 1792 carere
448 1729 573 1792 videtur
596 1728 647 1791 hic
672 1727 879 1792 indicativus:

243 1834 337 1898 Poen.
364 1836 436 1899 950.
467 1836 544 1899 Deos
567 1836 697 1920 {leviaque
720 1856 847 1898 veneror·
869 1867 912 1878 -

156 2019 162 2027 .
466 1942 505 2003 {o
527 1942 609 2027 qood
631 1943 667 2004 de
692 1963 757 2004 vireo
781 1942 895 2005 reduc
921 1945 996 2005 oeni·
1010 1945 1070 2003 rite
1094 1945 1235 2019 venerim,

168 2071 261 2132 quem
286 2048 428 2131 appellat
455 2071 555 2131 „ponz
578 2049 737 2112 ‹oneorvn“.

274 2156 333 2218 Sed
358 2178 427 2219 cum
454 2176 514 2218 non
532 2157 689 2238 quadrent
706 2157 803 2219 verba
819 2156 875 2220 illa
892 2156 1051 2221 thneri:
1081 2156 1166 2235 „Der
1183 2155 1282 2238 Kooj.

167 2284 272 2324 viritas
307 2265 400 2338 etcf‘,
437 2284 476 2324 ne
513 2263 703 2325 modestiora
739 2263 865 2345 quidem
902 2265 998 2326 verba
1034 2262 1216 2327 Lattmanni
1251 2267 1284 2325 et

167 2369 314 2433 Muelleri
350 2392 457 2432 verum
487 2373 707 2452 assequuntur,
732 2369 750 2450 ᾖ
777 2370 838 2432 142
868 2371 974 2449 „Aoch
999 2370 1141 2433 coinon
1168 2369 1282 2432 Nebro-

165 2483 249 2538 ad‘tzc
284 2478 362 2538 (dler
389 2480 447 2538 Art
476 2478 506 2538 in
543 2477 680 2559 obliquos
709 2475 884 2558 Bezielomp
908 2477 1093 2552 erardeiuco,
1117 2498 1202 2539 arcon
1228 2477 1283 2538 der

168 2583 274 2646 lamo
307 2584 459 2646 dersclden
495 2584 543 2644 uls
569 2582 713 2645 Gedonte
736 2583 810 2644 oder
834 2586 974 2666 Aussopc
997 2584 1049 2645 des
1072 2583 1185 2667 (proin.
1210 2583 1283 2645 oder

168 2691 242 2773 top.)
269 2690 450 2772 Sodjetta
484 2690 550 2751 des
585 2688 841 2773 Idnuptsctzes
867 2690 1041 2769 ‚lieznichnet
1067 2689 1186 2753 werden
1215 2690 1281 2752 soll.

169 2795 251 2860 Nam
277 2797 353 2859 licet
377 2800 461 2859 recte
487 2798 531 2858 ita
556 2797 616 2859 dici
641 2797 742 2879 possit
765 2796 803 2859 de
828 2797 974 2880 exemplo
997 2797 1192 2860 huiusmodi:

235 2903 337 2967 Mcrc:
358 2903 433 2967 923.
458 2903 561 2966 Moto·
585 2905 696 2966 iratast
715 2905 805 2986 putri
828 2939 880 2980 —‚
905 2906 998 2988 quio
1022 2912 1157 2967 scortum
1180 2904 1239 2965 siti

457 3009 499 3071 Ob
523 3011 624 3073 ocutos
648 3011 872 3090 adduxerit,

167 3118 244 3180 hoec
269 3118 319 3180 lex
346 3140 405 3181 non
431 3118 516 3180 valet
539 3117 577 3180 do
600 3117 656 3180 tali
681 3118 845 3181 enuntiato
867 3119 977 3202 quale:

259 3225 431 3289 Aut-105.
458 3225 641 3286 Discrucior·
663 3227 773 3297 animi,
798 3227 891 3309 quio
918 3262 956 3269 -
982 3225 1250 3287 ‹vteuodumat

167 3330 264 3394 Nulla
301 3332 383 3395 erim
422 3331 543 3395 rationo
568 3332 599 3393 in
624 3331 679 3394 tali
705 3332 834 3414 periodo
859 3332 933 3395 ticet
956 3333 1144 3395 sententiani
1169 3353 1280 3394 secun·

167 3440 285 3502 dariam
312 3439 502 3502 coniunctivi
528 3437 646 3501 avvxilio
668 3439 704 3500 ad
724 3439 899 3501 subiectum
918 3440 1087 3522 primariae
1104 3439 1281 3501 sententiae

170 3546 218 3610 vel
243 3547 280 3608 ad
307 3549 444 3608 mentem
470 3545 537 3608 eius
561 3545 615 3628 qui
639 3545 779 3628 loquitur
802 3546 931 3609 referre.

205 3680 216 3689 ·
274 3653 378 3716 Etiam
417 3653 479 3715 alia
515 3653 553 3714 de
582 3674 677 3715 causa
701 3652 962 3735 reprehendenda
986 3659 1059 3716 sunt
1081 3652 1160 3716 haec
1184 3655 1282 3716 verba

170 3760 351 3824 Lattmanni
377 3763 409 3822 et
432 3759 588 3822 Muelleri.
624 3757 708 3823 Nam
726 3760 807 3842 quod
826 3761 935 3824 dicunt
954 3762 1115 3843 „Aussope
1131 3761 1204 3824 oder
1221 3759 1280 3824 Ge·

168 3868 268 3930 dovera
291 3868 343 3929 des
366 3871 482 3950 (prom.
506 3867 553 3929 od.
579 3867 652 3949 top.)
678 3865 852 3950 Sobjelcta
875 3869 927 3931 des
952 3867 1193 3951 Hauptactzcs“,
1218 3889 1279 3929 non

166 3976 297 4048 habent,
333 3998 394 4058 quo
430 3975 571 4037 referant
602 3997 661 4047 ex„
687 3997 767 4058 quae
792 3976 832 4040 ab
856 3976 1059 4058 impersonali
1083 3977 1179 4039 verbo
1203 3996 1281 4057 pen·

168 4085 255 4161 dent,
280 4086 329 4147 ut:
355 4081 416 4146 otc.
443 4086 501 4144 ino.
521 4084 551 4157 2,
572 4083 633 4146 101
657 4083 738 4144 nihil
761 4083 922 4166 iodipoiua
945 4090 997 4158 est,
1022 4103 1115 4166 quam
1139 4102 1207 4144 cum
1228 4083 1282 4165 qui

278 4313 295 4378 ¹)
314 4315 439 4380 Draegcr
458 4315 532 4366 Hist.
554 4315 632 4381 Synt¹
653 4315 678 4365 d.
699 4314 747 4367 lat.
767 4315 891 4381 Sprachc
910 4311 951 4366 11²
970 4332 995 4380 p.
1016 4313 1076 4364 442.
