3076 5190
685 558 859 627 „71-

211 738 331 803 Eadem
357 743 441 802 esset
464 740 555 819 ratio,
580 740 607 803 si
631 762 689 824 pro
712 738 864 805 licitumst
885 742 1039 826 scriptum
1064 746 1148 808 esset
1177 743 1332 826 potamii:

211 846 232 909 i.
257 868 283 909 e.
304 844 441 925 potuisti
477 844 632 931 <locuples
655 843 739 930 aeae>
769 846 920 912 attolles¹
968 846 1053 913 Nam
1077 851 1173 914 etiam
1198 850 1331 915 infiniti-

210 975 284 1017 vum
309 953 504 1038 cogitatione
528 953 677 1037 supplere
703 975 868 1036 possumus
892 959 964 1038 post
987 955 1157 1021 licitumst:

296 1138 300 1147 .
407 1076 579 1143 licitumst
603 1077 684 1162 <aet
706 1078 852 1160 locupleti
873 1076 956 1163 esee>
981 1081 1012 1144 st
1034 1080 1134 1145 velles.

317 1202 481 1267 Eiusmodi
506 1206 579 1267 sunt
603 1225 652 1268 ex.

210 1308 285 1374 Aul.
310 1310 384 1374 254.
425 1307 535 1391 Neque
558 1346 598 1356 —
616 1309 710 1392 jacio
733 1330 838 1391 acque,
864 1309 1053 1393 sinopitem,
1079 1311 1210 1393 copiast.

184 1498 186 1504 .
341 1427 345 1437 '
432 1415 453 1480 i.
478 1438 504 1480 e.
531 1417 653 1500 copiast
679 1414 735 1501 <ut
758 1415 894 1499 faciam>
919 1419 946 1481 si
971 1420 1107 1502 cupiam.

209 1522 262 1587 Ps.
287 1524 361 1588 291.
423 1522 460 1586 sc'
491 1521 604 1605 faeere
636 1523 804 1604 possim,
851 1523 962 1604 pietas
994 1525 1149 1605 prohibet.
1188 1525 1248 1612 <aa
1285 1547 1331 1591 ne

528 1627 718 1713 sociam).
765 1628 859 1696 Truc.
885 1631 959 1696 877.
1190 1630 1193 1637 ’

317 1753 407 1818 Haec
441 1756 543 1840 igitur
569 1756 676 1820 omnia
700 1756 847 1839 exempla
870 1758 916 1819 ita
940 1756 1107 1841 explicavi,
1133 1761 1168 1822 ut
1191 1759 1328 1822 dicerem

208 1862 248 1924 in
272 1861 494 1926 infinitivo
518 1862 599 1942 (sive
623 1863 763 1945 ascripto
787 1863 853 1926 sive
878 1864 1012 1944 audito),
1029 1865 1082 1947 qui
1107 1888 1126 1928 a
1148 1866 1247 1930 verbo
1263 1888 1328 1929 mo-

209 1967 274 2032 dali
311 1969 474 2052 penderet,
500 1969 634 2033 latere
670 1991 740 2033 eum
774 1970 1083 2035 coniunctivum
1108 1972 1263 2054 apodosis,
1289 1974 1329 2036 ad

209 2096 304 2157 quem
329 2076 536 2159 responderet
559 2076 777 2140 coniunctivus
801 2077 946 2160 protasis.
989 2076 1111 2141 Deinde
1128 2081 1226 2141 totam
1248 2077 1329 2143 hanc

209 2182 374 2265 periodum
411 2182 661 2246 condicionalem
697 2183 919 2267 complectitur
951 2184 1076 2247 verbam
1098 2183 1221 2248 modale
1244 2183 1329 2249 hand

209 2288 304 2357 aliter
338 2293 434 2372 atque
469 2287 484 2352 I
520 2311 674 2372 personae
704 2291 802 2354 verba
825 2291 859 2354 in
883 2290 1048 2374 exemplis,
1072 2312 1154 2374 qnae
1178 2290 1272 2355 attuli
1297 2314 1327 2375 p.

208 2395 352 2473 41-42,
377 2400 433 2459 aut
456 2396 680 2478 impersonalia
704 2419 733 2480 p.
760 2398 901 2461 21-22.
927 2433 970 2441 -
994 2396 1056 2461 Sed
1080 2397 1171 2461 utin
1195 2397 1256 2461 illis
1271 2420 1329 2482 pe·

209 2501 318 2581 riodis,
353 2523 434 2586 qnae
459 2499 475 2564 I
499 2524 653 2586 personae
689 2504 795 2568 verbis
831 2508 886 2567 aut
909 2503 1174 2588 impersonalibus
1198 2504 1327 2568 subiun-

209 2612 371 2692 gerentur,
397 2609 632 2674 coniunctivum
657 2610 723 2674 dixi
747 2610 811 2674 iam
837 2610 868 2674 in
885 2610 1032 2675 absoluta
1048 2610 1185 2676 dictione
1207 2611 1326 2691 adesse,

208 2715 317 2791 itane
342 2714 394 2780 hic
410 2715 539 2798 quidem
564 2716 669 2780 ullum.
686 2720 734 2781 est
750 2739 811 2794 ex,
829 2716 940 2801 inquo
957 2739 1015 2801 pro
1032 2719 1119 2780 certo
1136 2718 1328 2783 contendere

207 2821 313 2901 liceat,
350 2844 388 2885 ex
424 2822 495 2906 ipsa
529 2823 750 2888 subiunctione
786 2824 1021 2888 coniunctivum
1056 2825 1192 2906 protasis
1223 2827 1328 2889 ortum

208 2949 276 2992 esse
314 2966 350 2974 -
389 2928 514 2993 etiamsi
551 2952 613 2994 non
648 2930 800 2994 absonum
829 2934 878 2994 est
902 2930 1057 2994 eiusmodi
1081 2929 1328 3014 explicationem

208 3035 352 3118 accipere
376 3035 409 3099 in
433 3034 550 3100 Bacch.
564 3036 707 3102 447-8:
731 3037 857 3118 vapulet
880 3059 937 3121 pro
960 3037 1093 3119 vapulat
1109 3037 1141 3099 in
1158 3038 1328 3102 subiuncta

208 3142 340 3224 periodo
356 3141 537 3220 universali,
552 3143 691 3226 itemque
709 3144 741 3206 in
758 3142 876 3208 Bacch.
889 3143 1044 3208 479-80
1060 3144 1150 3226 ferat
1166 3143 1327 3228 proferet.

314 3303 345 3366 2.
402 3301 472 3366 Hac
506 3302 558 3366 via
592 3304 755 3367 modorum
792 3304 915 3368 ratione
950 3304 1122 3387 explanata
1149 3305 1244 3368 simul
1278 3305 1328 3368 in·

207 3407 375 3493 telligitur,
399 3430 456 3472 cur
478 3409 690 3493 improbanda
713 3411 755 3473 sit
778 3433 885 3474 eorum
899 3407 924 3490 ¹)
948 3411 1116 3488 sententia,
1135 3411 1189 3493 qui
1212 3412 1328 3476 docent

207 3513 389 3579 indicativis
423 3517 591 3580 verborum
628 3517 801 3582 modalium
836 3540 909 3581 usos
945 3540 1012 3581 esse
1048 3516 1217 3593 Romanos,
1251 3519 1327 3601 quia

209 3620 268 3685 hae
304 3622 424 3687 formae
460 3623 523 3686 inm
556 3645 613 3706 per
635 3646 669 3687 se
693 3625 777 3688 idem
801 3624 869 3687 fere
894 3625 1118 3708 exprimerent,
1144 3626 1228 3706 quod
1252 3645 1326 3689 con·

207 3728 339 3792 iunctivi
374 3732 550 3793 ceterorum
575 3732 752 3794 verborum.
800 3729 890 3794 Haec
915 3731 1000 3794 enim
1023 3731 1215 3795 coniunctivi
1241 3732 1326 3796 modi

207 3835 265 3914 uis,
302 3836 428 3916 penitus
463 3858 498 3899 re
531 3840 688 3920 spectata,
712 3860 775 3901 non
798 3838 831 3901 in
856 3838 924 3921 ipso
947 3838 1120 3902 indicativo
1144 3839 1233 3902 verbi
1259 3860 1326 3903 mo-

315 4009 334 4076 ¹)
364 4010 443 4072 Foth,
479 4013 531 4064 Die
566 4014 786 4080 Verschiebnng
821 4014 1007 4067 lateinischer
1042 4015 1183 4080 Tempora
1210 4015 1241 4066 in
1269 4015 1327 4067 den

206 4101 327 4154 Roman.
346 4101 506 4169 Sprachen:
535 4103 688 4155 Boehmeri
718 4104 845 4156 ’Roman
870 4103 997 4156 Studien'
1027 4105 1105 4156 VIH.
1144 4103 1326 4169 Argentorati

207 4189 278 4243 1826
296 4207 323 4256 p.
342 4190 403 4244 263.
1224 4199 1225 4203 ’

313 4278 386 4332 Cum
405 4296 440 4333 eo
459 4282 529 4334 facit
548 4279 646 4335 Btuae:
666 4283 707 4334 De
727 4283 802 4334 mod.
822 4287 909 4349 temp.
930 4283 1141 4350 permutatione
1161 4301 1188 4351 p.
1207 4284 1251 4339 44.
