3076 5190
680 574 856 655 ,61-

313 760 442 832 Nullius
465 768 593 852 quidem
617 769 769 833 momenti
792 773 841 833 est
862 768 896 832 in
920 766 1039 854 Amph.
1064 768 1218 836 889-90
1241 758 1324 835 indi-

209 875 331 940 cativus
354 878 427 960 post
450 877 582 941 verbum
604 876 730 940 dicendi
746 876 777 940 in
795 876 954 940 sententia
970 898 1036 940 rem
1053 880 1175 942 certam
1190 877 1324 942 eircum-

207 982 376 1047 scribente.
424 979 488 1048 Sed
516 982 650 1047 alterum
676 1004 736 1062 ex„
761 983 845 1067 quod
880 982 926 1048 ibi
961 984 1151 1049 conferendo
1181 984 1324 1050 laudavi:

208 1089 293 1153 Men.
319 1089 395 1169 972,
418 1090 556 1155 ostendit
590 1090 802 1155 sentiendi
835 1091 978 1168 verbnm,
1007 1092 1090 1175 quod
1114 1094 1163 1156 est
1185 1092 1325 1157 recorde-

209 1202 270 1276 tur,
295 1218 359 1260 non
383 1196 519 1277 efficere,
550 1197 640 1261 utin
665 1197 899 1263 coniunctis-um
924 1198 1087 1283 obliquum
1111 1201 1254 1263 transeat
1277 1199 1323 1264 in·

209 1303 365 1369 dieativus
399 1304 589 1368 universalis
624 1305 800 1369 sententiae
837 1303 988 1369 relativae
1022 1303 1080 1391 qui
1112 1304 1210 1370 nitus
1242 1313 1326 1372 suut.

208 1409 322 1476 Restat
357 1411 442 1475 enim
477 1411 667 1477 indicativus
702 1412 812 1476 eodem
844 1412 914 1476 iure
944 1435 1007 1498 quo
1040 1416 1112 1498 post
1146 1434 1252 1479 moneo
1275 1414 1325 1480 vel

208 1515 351 1602 seruitute.

316 1621 389 1689 Non
413 1627 462 1689 est
485 1647 542 1689 eur
564 1624 680 1709 longus
703 1625 761 1689 sim
785 1626 819 1690 in
842 1626 889 1690 eis
911 1626 1078 1691 sententiis
1092 1628 1277 1706 tractandis,
1294 1628 1325 1693 in

210 1731 326 1814 quibus
350 1735 456 1796 sertae
479 1754 530 1796 res
554 1732 752 1816 explicantur
766 1732 818 1798 sel
841 1733 920 1798 certi
936 1732 1079 1800 homines
1096 1736 1326 1801 deseribuntur:

210 1872 303 1958 Capt.
326 1874 401 1940 391.
427 1872 566 1956 (Distu)
589 1874 647 1939 Me
669 1912 713 1920 -
735 1873 853 1940 seruire
875 1874 970 1941 huie
992 1875 1116 1942 homini
1138 1883 1273 1959 optumo,

427 1981 505 2062 Qui
537 2003 585 2046 me
619 1981 733 2047 touere
770 1981 976 2047 honestiores
1009 2004 1130 2065 semper
1156 1983 1268 2068 feeit
1301 1990 1329 2049 et

547 2111 569 2152 a
615 2140 621 2153 .

211 2194 282 2260 Mil.
306 2195 380 2260 981.
426 2195 505 2260 Iube
522 2089 655 2261 {itiit-
679 2201 874 2274 ornurueutu
898 2217 979 2280 quue
995 2197 1052 2263 uzi
1074 2197 1230 2263 instruxti
1256 2237 1312 2279 -,

424 2300 517 2366 Deuo
541 2302 662 2368 tatere.

178 2466 182 2474 ι
211 2408 399 2580 Mosiiiitiit.
425 2514 481 2580 Me
503 2536 634 2581 musore
655 2552 698 2562 -
722 2516 758 2581 iu
771 2518 901 2599 sactum
924 2517 1077 2583 audacter
1099 2517 1207 2602 dieite,

429 2621 495 2703 Qut
533 2623 642 2706 subeyi
676 2621 812 2706 faenore
851 2630 1015 2707 urueutum
1051 2627 1091 2691 ab
1126 2625 1259 2692 danista
1292 2633 1328 2691 ut

531 2735 672 2795 sumeret.

617 2836 688 2922 [qui
702 2866 743 2892 =
757 2861 829 2902 nam
854 2836 931 2924 ego]

212 2941 259 3009 St.
284 2943 358 3008 257.
427 2943 536 3026 (Neue
558 2945 637 3027 esse)
659 2982 703 2990 —
725 2944 790 3010 nisu
812 2945 869 3010 tue
891 2947 974 3026 quod
997 2944 1093 3010 habeo
1110 2944 1260 3028 pultium.

284 3051 359 3116 335.

213 3155 265 3220 Ps.
292 3158 387 3223 1197.
421 3157 521 3239 prou‘u
544 3163 578 3222 tu
600 3157 755 3223 Pseudolo

427 3263 565 3329 Nuuties
599 3264 769 3331 ebduuisse
802 3265 903 3330 atium
924 3267 1093 3350 praedam,
1117 3268 1173 3348 qui
1196 3270 1330 3334 oeeurrr't

528 3370 632 3453 prior.
681 3369 815 3456 [abdue.
839 3370 879 3437 A.
904 3373 1022 3438 uddux.
1047 3373 1162 3460 ceteri]

535 3477 678 3562 [nunties
691 3508 732 3533 =
747 3502 804 3563 per
825 3484 858 3544 te
881 3479 1009 3566 nuntio]

214 3583 409 3651 Trnione.
431 3584 516 3666 Quiu
540 3592 573 3649 tu
596 3587 679 3671 qued
695 3584 794 3670 periit
812 3585 946 3671 periisse
968 3586 1084 3652 ducis?

321 3710 519 3796 Quamquam
555 3712 588 3775 in
623 3711 680 3776 tali
716 3734 842 3796 quoque
878 3713 1036 3777 sententia
1060 3714 1222 3798 obliquum
1247 3715 1329 3781 coni.

215 3839 312 3902 supra
334 3818 487 3884 vidimus:

322 3941 415 4009 True.
441 3944 516 4007 589.
540 3942 606 4008 Die
624 3944 661 4008 et
684 3942 780 4008 tues
802 3942 897 4020 dona,
914 3963 1014 4024 quae
1037 3943 1329 4024 udmeme'serit

547 4050 602 4115 Me
625 4049 716 4115 illum
739 4071 850 4115 amare
867 4051 1062 4133 plurumum,

323 4191 430 4277 Atque
465 4193 562 4257 etiam
592 4193 626 4257 in
648 4192 699 4257 his
722 4192 888 4258 indicativi
911 4193 1066 4278 exemplis
1089 4216 1170 4279 quae
1192 4194 1258 4259 iam
1282 4199 1331 4259 at-

215 4298 275 4363 tuli
311 4320 407 4384 saepe
441 4299 674 4365 eoncedendum
700 4304 749 4363 est
772 4301 811 4364 ad
836 4300 939 4384 ipsum
963 4303 1096 4366 verbum
1119 4323 1235 4387 regens
1257 4324 1331 4389 pro·
