3076 5190
675 579 850 666 „48-

206 770 268 846 Ex.
288 780 365 846 cist.
384 781 458 862 147,
482 780 567 846 Men.
585 781 728 857 423-4,
753 780 851 845 Persa
875 781 951 859 626,
976 779 1027 845 Ps.
1045 780 1088 844 25
1111 779 1157 844 nil
1181 777 1334 845 concludi

206 891 320 971 potest.

312 1050 343 1114 2.
389 1047 655 1132 Temporales
679 1049 857 1113 sententiae
881 1049 914 1113 in
938 1048 1071 1112 infinitis
1095 1048 1248 1131 periodis.

312 1172 452 1238 Perfeeti
477 1173 541 1236 ind.
566 1177 629 1240 est:

206 1279 298 1345 Most.
324 1282 377 1346 91.
418 1279 583 1344 Novarum
599 1279 725 1344 aedium
740 1301 802 1344 esse
819 1279 939 1344 arbitro
953 1279 1088 1344 similem
1104 1300 1156 1364 696
1172 1279 1333 1344 hominem

423 1388 588 1468 Quando
610 1385 695 1469 [hie]
718 1396 839 1452 notus
862 1396 928 1452 esi.

314 1510 495 1576 Praesentis
518 1512 583 1575 ind.
608 1517 673 1577 est:

205 1617 292 1683 Trin.
319 1619 393 1684 638.
418 1618 555 1682 Nullum
588 1618 763 1701 beneficium
798 1640 860 1682 esse
882 1619 959 1682 daeo
982 1617 1025 1697 id,
1051 1617 1333 1703 6666666661(-

525 1724 592 1790 eias
614 1747 676 1790 666
696 1727 838 1810 piacet.

404 1828 490 1915 [6666
514 1831 566 1895 eui
589 1832 629 1907 A,
654 1833 736 1918 qood
757 1831 809 1896 cui
832 1833 929 1897 ceteri
954 1831 1041 1917 (quoi
1064 1829 1121 1916 B)]

313 1954 425 2020 Futuri
460 1957 612 2040 temporis
636 1958 821 2036 sententias,
852 1978 934 2040 quae
958 1957 990 2020 in
1015 1956 1110 2020 certis
1134 1958 1230 2021 rebus
1256 1979 1331 2022 ver·

207 2067 362 2142 serentur,
387 2063 450 2125 iam
475 2084 571 2147 supra
594 2064 730 2127 tractavi
754 2087 785 2148 p.
809 2064 929 2128 45-6.

313 2223 343 2286 3.
390 2221 664 2288 Universales
688 2224 864 2288 sententiae
888 2223 1106 2299 relativae,

313 2351 343 2425 a)
379 2370 440 2412 non
476 2349 576 2413 solum
607 2371 689 2432 quae
712 2349 883 2412 universali
908 2348 1013 2432 specie
1037 2369 1088 2412 res
1112 2352 1215 2411 certas
1240 2370 1331 2413 oom-

208 2453 423 2537 prehendunt:

208 2576 277 2641 Cas
303 2579 377 2642 202.
422 2577 491 2641 Hoc
513 2577 578 2642 oiri
602 2600 704 2642 666666
728 2600 789 2643 esse
813 2600 900 2643 66666
923 2577 1078 2664 quidquid
1101 2586 1223 2643 tuomst.

210 2683 266 2749 As.
291 2686 354 2750 536
379 2685 437 2750 cfr.
461 2684 554 2750 True.
581 2686 622 2749 76
646 2709 677 2769 p.
703 2687 755 2750 32,

314 2847 347 2922 b)
371 2846 425 2909 sed
451 2846 547 2910 etiam
571 2868 653 2930 quae
677 2869 751 2911 vere
775 2847 958 2911 infinitae
982 2850 1070 2911 sunt:

314 2977 414 3044 Indis.
439 2980 574 3064 perfecti
597 2984 620 3045 t.
646 2983 709 3045 est:

209 3103 325 3169 Bacch.
341 3104 416 3169 485.
441 3104 527 3168 Nam
555 3126 607 3189 696
630 3104 723 3169 ilium
743 3103 862 3189 perisse
884 3104 962 3182 dieo,
987 3103 1060 3189 quoi
1082 3103 1205 3189 quidem
1227 3103 1329 3189 periit

545 3212 659 3295 pudor.

209 3316 299 3382 Oura.
326 3319 399 3382 102.
443 3317 531 3381 Nam
563 3316 617 3382 ubi
643 3327 677 3382 tu
702 3318 875 3402 profusu’s,
899 3317 944 3381 ibi
968 3339 1020 3402 696
1043 3339 1090 3381 me
1110 3317 1259 3401 pervelim
1283 3340 1326 3382 se·

548 3425 679 3507 pultem.

210 3529 307 3595 Persa
324 3530 399 3595 637.
424 3528 522 3594 Omne
545 3552 597 3616 696
618 3552 677 3614 pro
699 3529 765 3594 nilo
781 3551 843 3594 esse
858 3530 936 3593 duco
959 3530 1061 3614 quod
1082 3528 1183 3610 fuit,
1201 3531 1328 3614 quondo

240 3700 244 3707 .
526 3636 601 3720 fuit.

210 3742 261 3811 Ps.
286 3745 371 3808 1259
396 3766 425 3808 v.
449 3745 544 3809 infra.

314 3858 413 3925 Indis.
439 3861 615 3944 praesentis
638 3865 661 3925 t.
686 3866 749 3926 est:

210 3983 326 4050 Baeoh.
343 3985 418 4050 385.
442 3983 490 4049 ita
513 4007 576 4050 esse
599 3985 746 4066 arbitror,

445 4091 580 4156 Homini
617 4091 718 4156 amieo
756 4090 864 4177 quisi
903 4090 1031 4170 amicus,
1067 4089 1113 4153 ito
1147 4097 1183 4153 iit
1218 4111 1327 4154 nomen

549 4196 693 4281 possidet,
744 4196 821 4261 Nisi
845 4198 914 4260 (isos
937 4196 965 4260 ei
988 4195 1036 4260 nii
1056 4203 1228 4280 praestare.

210 4303 301 4369 Cure.
327 4305 401 4369 557.
443 4302 1328 4388 9661166661663661666688,666666636661666616.
