3076 5190
669 576 802 641 -178
833 617 862 627 -

213 755 364 820 relativas
389 756 429 820 ab
452 755 692 839 interrogativis
715 755 765 836 (ut
787 755 819 819 in
844 755 904 841 Ep.
930 757 994 823 437
1020 755 1104 824 Ceae
1131 759 1333 843 praetertdos

214 898 251 909 -
277 860 354 948 quire
380 883 474 945 repes,
499 859 663 925 seneetie
686 859 907 946 tatastat.)

317 1072 392 1140 Non
426 1076 540 1139 mirum
578 1077 627 1138 est
653 1075 686 1139 in
709 1075 760 1139 his
784 1075 917 1141 infinitis
941 1078 1111 1142 sententiis
1137 1101 1269 1164 semper
1289 1082 1333 1144 in·

211 1183 383 1247 dicativum
419 1183 551 1255 servari,
587 1203 659 1245 cum
695 1182 734 1247 ad
769 1182 802 1247 id
838 1184 920 1266 quod
957 1206 992 1248 re
1019 1206 1098 1248 vera
1123 1188 1177 1249 est
1200 1186 1264 1268 (fit)
1286 1191 1335 1253 aut

210 1290 329 1353 factum
366 1291 414 1352 est
446 1311 554 1352 omnes
590 1288 772 1371 respiciant.
800 1287 1077 1355 -Transeamus
1112 1293 1156 1356 ad
1181 1293 1215 1358 id
1239 1316 1334 1378 genus

209 1395 450 1470 sententiarum,
474 1395 557 1478 quod
594 1395 788 1459 coniunctivi
812 1396 978 1480 proprium
1002 1419 1072 1461 esse
1095 1420 1200 1483 supra
1224 1422 1334 1485 reppe-

210 1524 320 1568 rrmus.

665 1627 877 1638 --....-.-

210 1767 252 1837 ΙΙ.
299 1767 544 1833 Indicativus
582 1769 619 1831 in
659 1769 835 1833 infinitis
874 1771 1083 1834 sententiis
1122 1793 1224 1856 quae
1260 1797 1332 1838 cum

306 1876 480 1961 regentis
516 1875 758 1939 coniunctivi
793 1880 963 1960 tempore
998 1883 1236 1962 congruunt.

263 2035 334 2102 lla.
381 2036 432 2099 Ad
456 2035 625 2099 futurum
650 2038 777 2119 tempus
801 2039 936 2120 utraque
961 2038 1120 2102 sententia
1146 2041 1290 2124 respicit.

316 2175 511 2242 Indicativus
546 2177 579 2240 in
614 2177 803 2241 secundaria
836 2179 996 2242 sententia
1019 2201 1149 2263 semper
1179 2185 1330 2258 serrator,

209 2286 236 2349 si
272 2287 312 2349 ab
347 2306 385 2348 ea
417 2284 566 2367 periodus
601 2284 725 2366 incipit,
761 2285 858 2348 etiam
891 2286 1075 2369 ceteroquin
1099 2284 1190 2351 haud
1215 2311 1286 2352 raro
1306 2288 1330 2351 si

209 2392 334 2476 regenti
359 2391 536 2454 sententiae
561 2391 733 2473 praecedit,
759 2413 831 2455 raro
854 2391 881 2454 si
905 2395 1072 2473 regentem
1095 2394 1330 2459 coniunctirum

209 2477 362 2583 sequitur,
387 2519 519 2580 perraro
542 2498 569 2560 si
593 2498 717 2582 regenti
744 2498 921 2562 sententiae
946 2498 1138 2582 interposita
1165 2506 1224 2566 est.

317 2640 346 2704 1.
393 2638 715 2705 condicionales
743 2640 931 2704 sententiae.

315 2805 343 2846 a.
391 2781 574 2845 Futurum
604 2781 768 2864 simplex
799 2785 862 2846 est:

315 2924 355 2987 a¹.
391 2924 420 2987 A
445 2923 659 2988 condicionali
683 2924 841 2987 sententia
865 2924 1012 3007 periodus
1036 2924 1170 3008 incipit:

208 3047 290 3113 Rud.
313 3048 405 3113 1137.
422 3044 517 3129 [Sed]
537 3045 579 3113 Si
601 3055 712 3111 eruet
735 3068 834 3124 eero,
852 3055 919 3112 tum
942 3062 1064 3132 opsecro
1087 3055 1116 3112 te
1138 3057 1175 3113 ut
1199 3047 1326 3134 mee[m]

529 3151 608 3217 miti
630 3154 814 3218 reddantur.

314 3258 449 3340 (Audito
473 3260 674 3326 coniunctivo
697 3261 823 3346 regenti

208 3366 300 3451 Gapt.
321 3367 396 3432 209.
422 3367 521 3430 berno
545 3367 658 3450 edepol,
682 3365 711 3430 si
734 3365 795 3430 erit
818 3365 947 3448 mersio,
972 3368 1059 3432 laud
1081 3368 1240 3435 dehortor.

315 3507 367 3572 Ad
391 3508 610 3572 detestationis
635 3508 782 3593 exempla
806 3509 975 3574 referenda
997 3512 1072 3574 sunt

208 3631 299 3716 Oapt.
319 3632 395 3697 625.
420 3630 541 3695 Hocse'
571 3653 658 3696 secus
681 3631 825 3717 reperies,
849 3633 973 3698 nuttam
996 3654 1125 3698 eausam
1148 3633 1231 3714 dieo,
1255 3635 1327 3723 quin

526 3737 606 3802 mitt

423 3881 461 3889 -
487 3842 641 3910 libertatis
664 3847 751 3930 opud
774 3854 801 3911 te
823 3845 960 3932 deliquio
982 3845 1049 3911 siet.

206 3949 303 4018 Most.
320 3951 395 4015 433.
427 3950 542 4014 Verum
569 3950 599 4014 se‘
624 3952 755 4036 posthae
777 3989 822 3999 —
846 3949 985 4037 S<e>iea‚
1009 3953 1073 4016 tou
1095 3962 1234 4033 coercet,
1260 3954 1329 4020 ilico

526 4093 570 4102 -
593 4056 670 4143 quire
693 4057 822 4141 feries.)

206 4158 244 4227 In
279 4165 393 4228 ceteris
428 4186 477 4228 ex.
502 4166 634 4228 verbum
662 4165 834 4247 primariae
859 4168 939 4230 sent.
965 4169 1013 4230 est
1035 4165 1140 4249 faeere
1165 4169 1234 4249 (ut)
1258 4190 1327 4235 cum

206 4269 415 4335 coniunctiro.
