3076 5190
664 551 859 619 -172-

311 729 341 793 2.
388 726 653 814 Temporales
688 731 866 796 sententiae
890 732 1099 799 indicativum
1123 738 1265 813 servant,

311 904 339 947 a.
386 903 468 967 quae
492 884 659 966 praeteriti
682 884 836 968 temporis
858 887 942 950 sunt.
990 941 993 947 .

205 1021 297 1106 Oapt.
323 1025 398 1088 241.
420 1046 504 1088 uunc
527 1024 648 1089 obsecro
671 1033 698 1090 te
720 1025 776 1090 tec
799 1047 916 1091 uuum:

320 1131 395 1196 -7,
421 1131 468 1196 Ne
493 1153 540 1196 me
559 1153 645 1196 secus
663 1169 702 1178 -
719 1132 855 1197 honestes
871 1155 965 1219 quom
980 1155 1072 1220 quom
1087 1132 1231 1200 servibas
1246 1134 1327 1200 miti.

205 1236 291 1302 Men.
318 1239 481 1319 1032-3,
505 1238 575 1305 Ges.
601 1240 676 1319 560,
702 1240 795 1304 Most.
821 1240 897 1306 268.
944 1240 993 1306 De
1018 1240 1113 1306 Most.
1139 1242 1185 1307 80
1210 1243 1308 1321 infra;

315 1455 343 1518 b.
390 1476 472 1537 quae
497 1456 674 1539 praesentis
696 1457 851 1539 temporis
874 1461 959 1521 sunt.

313 1585 363 1652 Ne
399 1611 452 1653 eas
488 1611 733 1654 commemorem
768 1595 849 1669 sent,
885 1613 967 1674 quae
1002 1591 1034 1654 in
1070 1591 1237 1656 causalem
1271 1593 1330 1656 vim

207 1696 356 1760 abierunt
390 1702 425 1760 ut
451 1685 636 1773 1101882,
661 1696 909 1772 11111244-5,
935 1697 997 1763 huc
1021 1697 1188 1782 pertinent
1211 1702 1331 1782 tempo·

208 1803 291 1867 rales
325 1807 406 1867 sent.
442 1826 523 1888 quae
560 1804 719 1887 incipiunt
753 1828 772 1869 a
805 1805 881 1868 (tum
908 1808 942 1869 et
960 1803 1152 1890 pm‘usquum
1164 1801 1201 1887 1).
1251 1803 1330 1870 Nam

207 1911 284 1975 licet
318 1913 358 1976 ad
393 1912 536 1977 futurum
567 1915 693 1995 tempus
716 1913 854 1997 quodam
878 1913 971 1976 modo
994 1911 1056 1976 hae
1079 1917 1161 1978 sent.
1188 1913 1330 1977 referan-

207 2023 270 2095 tur,
293 2024 402 2083 tamen
425 2020 591 2103 praevalet
614 2020 700 2084 notio
723 2020 902 2104 praesentis
925 2020 977 2084 vel
1000 2023 1125 2084 tantum
1150 2025 1331 2104 nom-prae·

208 2126 316 2190 sentis.

316 2232 394 2298 Post
416 2234 493 2297 dum
510 2261 551 2286 =
573 2256 625 2314 ,so
647 2233 761 2318 lange‘
790 2233 1024 2298 coniunctivum
1050 2256 1123 2297 vere
1159 2234 1331 2299 futuralem

208 2363 305 2425 supra
339 2340 556 2425 repperimus:
592 2340 684 2406 Cure.
710 2341 774 2404 664
811 2341 886 2404 dum
920 2342 1012 2420 oinct,
1048 2339 1131 2415 Rud.
1157 2341 1224 2407 499
1261 2341 1331 2404 dum

208 2447 294 2512 uiuos
318 2449 458 2532 itemque
482 2448 516 2511 in
541 2446 636 2512 Poen.
662 2447 726 2511 884
749 2452 823 2531 post
846 2449 1028 2511 otum=st

315 2552 385 2620 Iam
408 2554 617 2621 indicativum
641 2554 836 2639 reperiemus
860 2575 987 2638 semper
1011 2554 1144 2618 retineri
1167 2558 1243 2638 post
1260 2556 1332 2618 dum

210 2691 251 2716 =
269 2665 366 2746 ,jetzt
399 2685 435 2728 so
469 2663 584 2747 lange‘
623 2663 662 2726 de
697 2665 786 2727 certa
820 2684 854 2726 re
886 2665 941 2726 aut
963 2661 1027 2725 iarn
1050 2661 1181 2744 incepta
1205 2664 1264 2726 aut
1286 2662 1332 2724 in·

209 2770 324 2836 stanti:
348 2770 493 2854 sequitur
514 2772 613 2852 temp.
638 2769 770 2834 sentin
795 2771 849 2833 As.
868 2770 933 2834 914
957 2771 1059 2854 Atque
1082 2769 1203 2832 intereo
1227 2777 1263 2832 ut
1285 2769 1332 2832 de·

209 2877 389 2941 cumbamus
422 2876 564 2956 suadete,
599 2874 634 2939 u·
661 2876 738 2939 dum
760 2873 896 2959 titipout.
943 2873 1027 2940 uun.
1053 2874 1127 2955 123,
1153 2874 1231 2954 774,
1258 2875 1329 2952 880;

211 2984 374 3067 praecedit
408 2985 442 3048 in
477 2982 573 3048 Poen.
599 2983 694 3059 1421,
731 2981 782 3047 Ps.
808 2983 883 3060 9213
919 2982 1109 3065 interposita
1132 2985 1183 3045 est
1207 2983 1243 3046 in
1266 2981 1332 3046 Mil.

211 3091 275 3155 595
300 3091 360 3154 Ito
383 3093 486 3155 iutro:
509 3112 554 3168 ue,
580 3090 655 3153 dum
679 3090 788 3153 obsum
809 3090 831 3171 †
855 3090 970 3153 multoe
992 3087 1201 3171 sortituefiut
1221 3088 1333 3171 [multi

211 3195 320 3261 sortito
342 3199 433 3280 fuum
458 3197 484 3261 P
507 3195 629 3280 (urutto's
645 3193 696 3275 13²,
724 3196 837 3278 fortitu
860 3195 932 3279 D)].
980 3194 1036 3260 cfr
1057 3195 1137 3259 coni.
1162 3195 1332 3261 futuralem

213 3303 331 3388 Amph.
357 3306 432 3369 542.
456 3313 491 3369 ut
514 3325 606 3390 quom
629 3304 727 3367 obsim
750 3325 798 3367 me
821 3325 905 3367 omes
927 3325 959 3386 p.
987 3303 1059 3365 158.

319 3431 396 3497 Post
425 3435 613 3517 priusquam
641 3430 833 3494 indicativus
857 3428 1034 3512 praesentis
1057 3431 1114 3491 aut
1136 3427 1276 3511 perfecti
1299 3450 1335 3491 eo

213 3541 339 3618 attinet,
377 3543 411 3603 ut
446 3562 513 3603 rem
547 3539 638 3622 quasi
667 3538 837 3601 instantem
863 3540 895 3601 et
918 3537 982 3599 iam
1006 3537 1131 3599 tuntum
1155 3557 1218 3600 non
1244 3558 1336 3620 prae·

213 3651 334 3711 sentem
359 3647 459 3712 oculis
482 3649 649 3730 proponat.

213 3773 270 3836 As.
295 3773 370 3837 448.
427 3794 510 3836 uuuc
532 3772 645 3836 odeum
667 3778 856 3855 optumumst
888 3768 1008 3853 prius
1037 3788 1151 3853 quom
1182 3766 1337 3852 incipit

534 3878 660 3943 ttuuc're.

214 3986 283 4051 Mil.
305 3987 401 4051 1408.
432 3994 465 4050 ut
488 4023 532 4031 —
555 3984 670 4049 auctius
690 3988 784 4070 prius
806 4005 901 4070 quam
923 3990 1014 4047 secut.

324 4199 342 4267 ¹)
360 4203 395 4254 In
415 4201 474 4253 Mil.
486 4201 555 4254 1328
574 4200 728 4271 legendum
747 4203 793 4253 est
811 4194 992 4265 tucrumo[m]
1012 4212 1078 4249 cum
1096 4195 1268 4264 Ribbeckio,
1282 4211 1339 4254 non

214 4290 371 4349 tacmuum.
