3076 5190
665 556 862 620 -122-

312 737 342 800 3.
390 732 427 798 In
461 734 690 818 temporalibus
713 739 794 798 sent.
819 737 941 800 certum
964 738 1099 819 tempus
1122 736 1321 820 praeteritum

205 844 391 927 designans:
416 841 508 925 Capt.
532 842 595 905 537
621 844 654 904 et
677 839 760 905 stud.
784 841 848 905 497
873 864 901 905 v.
927 863 1034 925 supra.

312 969 342 1030 4.
390 963 428 1030 In
451 969 533 1030 sent.
556 965 841 1030 conditionalibus:

312 1088 343 1158 a)
368 1085 438 1166 pest
461 1081 544 1145 si=
557 1079 656 1144 'wenn
678 1079 844 1145 wirlcliclt’.

205 1189 257 1254 Pe.
282 1190 357 1253 286.
421 1187 466 1253 Si
488 1187 666 1266 amabas,
691 1185 846 1251 invenires
869 1195 1018 1253 mutuam.

453 1292 536 1378 [iam
560 1293 635 1357 atas
659 1293 696 1373 B,
720 1294 807 1357 -abes
830 1293 870 1373 D,
896 1294 1002 1359 -habes
1026 1293 1072 1380 0]

205 1402 299 1469 True.
318 1403 392 1468 748.
418 1400 463 1467 Si
512 1400 671 1464 nolebas
716 1399 918 1485 participari,
965 1401 1116 1484 auferres
1164 1404 1325 1495 ‹timidium

526 1509 661 1572 demum.

206 1616 255 1681 cfr
279 1615 360 1680 Rue.
386 1615 460 1680 379.
510 1614 559 1679 De
583 1613 668 1679 Men.
696 1615 758 1680 195
783 1619 815 1679 et
839 1613 936 1680 Poen.
961 1614 1098 1680 sas-6
1123 1639 1154 1683 v.
1181 1640 1215 1702 p.
1240 1620 1290 1683 31.

314 1732 348 1813 h)
383 1732 437 1796 ubi
464 1731 665 1815 parenthesis
689 1730 759 1795 loco
783 1735 831 1794 est
853 1731 943 1796 cond.
968 1735 1061 1808 sent„
1089 1735 1285 1816 praesertim
1306 1735 1329 1796 si

205 1838 253 1902 eui
279 1837 433 1921 temporis
457 1840 592 1920 utraque
616 1837 775 1902 sanantis
799 1840 858 1909 est.

206 1943 305 2009 Mera.
320 1944 395 2009 636.
426 1942 485 2008 Uet
507 1942 661 2007 habitaret
684 1941 837 2007 invenires
859 1944 975 2021 saltem,
1000 1941 1035 2006 si
1057 1965 1174 2009 nornen
1193 1946 1330 2030 nequis.

476 2047 601 2135 [nequis
625 2046 735 2127 BcD1,
760 2048 902 2135 nequires
925 2045 1054 2133 D'FZ]

210 2179 320 2237 ,wenn
345 2158 386 2221 du
411 2158 470 2221 den
495 2153 620 2221 Namen
645 2155 734 2221 nicht
757 2155 905 2220 erfahren
928 2155 1079 2221 kannst‘.

314 2260 412 2328 Nulla
437 2266 485 2326 est
508 2283 613 2338 causa,
639 2284 696 2326 cur
719 2266 876 2326 mutemus
900 2260 1106 2346 parenthesin
1132 2264 1283 2331 additam
1304 2266 1333 2329 in

206 2370 289 2436 Rud.
315 2370 388 2435 744.
423 2368 534 2432 Trina
567 2390 646 2454 qaae
674 2367 774 2453 periit
808 2366 899 2448 milti,
934 2366 1005 2432 iarn
1040 2376 1133 2432 tanta
1173 2379 1266 2455 esset,
1303 2372 1336 2436 si

527 2474 641 2552 civit,
666 2474 740 2555 scia,
1344 2544 1347 2548 ,

206 2584 273 2648 sive
296 2583 422 2647 isrealis
445 2581 670 2667 hypotheticus
694 2586 743 2646 ast
765 2581 818 2647 hia
842 2570 1019 2647 coniciam
1039 2589 1133 2646 tanta
1149 2594 1231 2649 esset
1255 2585 1338 2671 <nisi

202 2686 380 2776 periisset),
416 2691 482 2755 sive
517 2689 642 2753 isrealis
676 2689 787 2753 iussivi
822 2689 1016 2772 praesentis:
1051 2687 1120 2753 iam
1158 2697 1256 2755 tanta
1280 2714 1339 2757 esse

206 2795 320 2876 debuit,
344 2797 447 2881 qualis
472 2800 520 2861 est
543 2796 624 2859 coni.
649 2816 764 2880 regens
788 2795 820 2859 in
1311 2814 1314 2818 ·

206 2903 283 2969 (list.
309 2904 384 2968 683.
410 2903 492 2967 Nam
516 2901 551 2967 si
575 2923 661 2966 uerno
684 2902 742 2966 hac
768 2900 1007 2986 praeteriit,

422 3008 549 3074 Cistella
572 3007 623 3072 hic
645 3006 768 3072 iaceret.

210 3117 310 3197 ‚Hier
343 3120 461 3181 mtlsste
486 3116 541 3180 das
566 3114 722 3180 Kistchen
755 3114 860 3200 liegen
889 3152 924 3160 -
951 3115 1061 3180 soweit
1083 3115 1244 3183 niemand
1270 3120 1339 3185 hier

207 3224 508 3309 sorbeigekommen
532 3223 606 3286 ist“.
665 3220 730 3286 Hic
753 3225 801 3286 est
824 3221 950 3286 circiter
972 3223 1045 3286 haee
1072 3223 1141 3287 laea
1167 3224 1213 3305 (v.
1247 3227 1339 3309 677),

207 3330 261 3394 ubi
298 3330 429 3395 Halisca
464 3329 621 3394 cistellam
656 3329 783 3412 quidem
819 3351 881 3393 non
917 3328 1046 3407 invenit
1083 3328 1130 3393 ita
1164 3335 1279 3398 tamen
1306 3339 1340 3399 ut

207 3436 345 3500 noridum
381 3458 507 3501 omnem
542 3458 630 3521 spem
667 3435 819 3498 amiserit.
867 3433 968 3510 Quam
995 3435 1022 3499 si
1046 3439 1147 3499 tetam
1173 3439 1338 3515 eiecisset,

208 3542 355 3607 dixisset:
395 3542 442 3621 „si
477 3564 563 3607 nemo
597 3543 656 3606 hac
681 3540 897 3626 praeteriisset
919 3540 1039 3605 cistella
1061 3539 1111 3606 hic
1134 3542 1278 3610 lacerer
1304 3552 1340 3613 nt

207 3650 304 3714 vertit
340 3650 461 3713 harena
496 3650 535 3713 ad
573 3648 623 3713 Ps.
649 3649 713 3713 286
754 3649 878 3728 „wtirdc
914 3647 996 3713 noch
1027 3648 1098 3712 hier
1121 3649 1271 3735 liegen‘.
1298 3693 1334 3700 -

206 3754 287 3821 Tum
312 3756 438 3821 deinum
457 3754 596 3833 Halisca,
622 3759 790 3839 postquam
815 3756 912 3819 etiam
929 3755 1114 3840 diligentius
1130 3755 1241 3823 locum
1261 3783 1338 3845 per·

207 3864 390 3948 vestigavit,
426 3862 599 3947 desperans
623 3862 795 3927 exclamat:
840 3860 918 3946 quid
940 3860 1013 3926 hic?
1039 3859 1185 3945 periiltJ,
1213 3866 1339 3951 opinor.

208 3970 361 4050 Actrrmst,
385 3968 479 4034 ilicet.

313 4080 343 4155 a)
380 4076 496 4142 Bacch.
530 4078 694 4155 ant-33,
718 4078 773 4141 ubi
797 4057 989 4140 indicativus
1013 4079 1084 4158 post
1107 4074 1176 4140 nisi
1203 4084 1238 4144 et
1262 4104 1342 4148 con·

207 4184 365 4249 tunctivus
390 4188 462 4269 post
485 4184 514 4246 si
538 4185 622 4247 inter
645 4205 678 4247 se
702 4184 886 4261 succedunt,
911 4204 1008 4265 supra
1030 4184 1179 4248 tractavi.
