3076 5190
680 572 874 638 -180-

327 752 403 818 Post
426 752 490 817 nisi
512 751 584 837 quir
607 751 799 816 indicativus
822 754 922 816 restat
945 752 978 817 in

218 887 309 971 (lapt.
332 887 406 952 791.
434 885 567 950 lc'mirror
600 884 856 970 interminorquc,
880 906 919 948 re
953 882 1059 969 [quia]
1089 882 1174 948 mihi
1198 884 1343 948 obstiterit

538 990 668 1073 ohaam,

432 1098 530 1163 Nisi
562 1098 655 1184 quia
688 1101 766 1162 actis
794 1097 851 1162 dio
874 1097 989 1163 stamar
1022 1118 1087 1162 scae
1113 1098 1209 1162 leonto
1245 1096 1344 1161 arti·

539 1203 734 1270 traditur.

646 1308 842 1396 [arbitratur
866 1309 910 1396 B]

327 1476 365 1538 a⁴.
413 1472 496 1548 Quin
532 1478 604 1556 post
638 1471 703 1536 nisi
738 1472 821 1557 qaod
842 1472 876 1535 in
899 1494 961 1536 uno
984 1472 1164 1550 enuntiato,
1189 1472 1276 1554 quod
1299 1470 1346 1535 vel

219 1581 438 1646 condicionale
462 1579 513 1645 vel
537 1580 705 1644 relativum
728 1579 892 1663 appellare
915 1578 1003 1658 licet,
1026 1578 1225 1643 indicativus
1249 1578 1345 1642 futuri

220 1692 376 1765 servatur,
400 1710 591 1771 quamquam
628 1687 713 1750 intra
747 1689 856 1771 partos
892 1685 1032 1770 regentis
1055 1685 1240 1750 sententiae
1264 1686 1346 1768 posi·

220 1799 288 1859 tum
312 1798 380 1859 est:

221 1901 339 1985 Amph.
358 1900 433 1965 608.
458 1901 537 1964 Cave
570 1898 746 1985 quicquam,
777 1898 859 1963 nisi
883 1898 986 1984 quod
1017 1898 1166 1982 ropabo
1202 1907 1240 1981 te,
1271 1896 1347 1963 milri

562 2005 770 2090 responderis.

328 2139 454 2204 Dixeris
477 2161 548 2203 cave
571 2161 640 2202 esse
663 2137 744 2202 nihil
768 2138 855 2204 aliud
878 2161 975 2222 quam
998 2160 1046 2202 nc.
1093 2136 1158 2203 Sed
1185 2140 1284 2204 ctiam
1301 2139 1343 2202 sic

222 2247 459 2311 coniunctivum
486 2268 583 2329 supra
606 2245 807 2329 repperimus
829 2245 863 2309 in

223 2362 320 2427 Most.
338 2362 413 2426 284.
437 2361 467 2424 r's
490 2362 605 2446 nequid
626 2369 716 2440 errat,
741 2359 819 2425 nisi
842 2361 940 2445 quod
961 2361 1021 2424 sicr·
1039 2361 1167 2445 placere
1191 2370 1344 2425 censeat.

330 2496 436 2578 Atque
471 2494 548 2559 licet
582 2496 615 2559 in
652 2495 770 2579 Amph.
795 2495 860 2559 608
891 2495 992 2558 futuri
1014 2494 1212 2559 indicativus
1235 2495 1345 2579 rapoto

222 2624 322 2686 prope
347 2604 478 2666 accedat
501 2602 540 2667 ad
565 2602 697 2666 definita
720 2602 991 2685 cnrrntiata‚quae
1014 2601 1108 2664 attuli
1132 2624 1164 2685 p.
1182 2602 1244 2666 171
1271 2601 1343 2666 Aul.

224 2711 299 2788 210,
335 2707 417 2773 Rud.
443 2709 518 2786 634,
554 2731 627 2773 vere
662 2709 789 2772 infinita
823 2708 983 2772 sententia
1017 2711 1066 2772 est
1100 2709 1133 2772 in
1162 2707 1256 2793 Oapt.
1283 2710 1343 2774 791

224 2815 288 2880 nisi
322 2815 393 2899 qais
430 2853 468 2862 —
505 2813 732 2878 arbitrabitur:
761 2837 844 2898 qnae
868 2815 930 2879 duo
954 2814 1101 2898 exempla
1124 2815 1212 2879 inter
1235 2838 1269 2880 se
1293 2816 1345 2879 de·

223 2922 367 2985 tendunt.
414 2918 507 2998 Item,
531 2943 724 3007 quamquam
749 2922 858 2986 audito
882 2921 1008 3006 regenti
1024 2921 1238 2999 coniunctim,
1255 2945 1344 3006 prae·

224 3028 322 3091 sentis
346 3028 410 3091 ind.
436 3029 469 3091 in
493 3031 573 3092 sent.
598 3050 672 3092 vere
696 3028 822 3091 infinita
845 3029 935 3093 nobis
954 3027 1092 3092 occurrit
1107 3028 1141 3092 in
1157 3027 1255 3094 Truc.
1273 3020 1344 3093 80'1.

330 3133 363 3198 Si
388 3134 451 3198 iam
475 3157 696 3218 comparamus
718 3134 909 3199 indicativos
933 3137 1004 3218 post
1027 3132 1094 3198 risi
1111 3155 1183 3199 cum
1202 3135 1344 3211 relativo,

224 3263 306 3325 quos
331 3241 424 3305 attuli
448 3263 479 3325 p.
507 3242 580 3304 141:
605 3240 661 3304 As.
687 3241 762 3314 724,
788 3239 885 3304 Persa
902 3241 977 3318 636,
997 3242 1070 3321 132,
1087 3243 1120 3306 et
1136 3241 1344 3307 indicativum

223 3352 297 3432 post
328 3349 392 3411 nisi
426 3348 459 3410 in
494 3347 611 3411 Bacch.
637 3348 701 3411 426
737 3369 767 3430 p.
795 3348 868 3422 120,
896 3348 1073 3431 reperimus
1096 3348 1227 3431 inipso
1251 3350 1345 3413 verbo

223 3452 288 3517 nisi
311 3455 416 3518 iacere
432 3454 597 3518 indicativi
614 3453 870 3536 explicationem.
905 3451 990 3518 Nam
1007 3454 1247 3519 coniunctivum
1270 3455 1346 3519 assi·

224 3560 398 3624 milationis
432 3561 611 3624 invenimus
647 3563 718 3644 post
752 3560 889 3644 simplex
921 3561 1055 3625 verbum
1078 3557 1144 3623 nisi
1166 3559 1235 3641 (ni)
1259 3583 1345 3626 num·

224 3685 331 3746 quam,
366 3670 439 3749 post
465 3665 530 3729 risi
552 3667 634 3750 qaod
658 3667 706 3730 bis
729 3670 869 3732 tantum:
905 3666 998 3731 Most.
1024 3665 1089 3730 284
1112 3670 1155 3742 (v.
1180 3674 1293 3752 supra)
1316 3670 1347 3731 et

224 3766 293 3834 Mil.
318 3772 393 3836 300.
417 3770 494 3857 quid
516 3772 573 3835 tior·
595 3775 641 3836 ris
664 3773 777 3854 diram,
802 3774 865 3836 nisi
887 3773 969 3858 quod
991 3771 1150 3837 viderim?

332 3933 362 3996 b.
408 3931 593 3996 Futurum
618 3935 792 3997 exactum
817 3939 875 3998 est.

238 4075 241 4079 ·
331 4051 361 4116 A
385 4055 594 4120 condicionali
618 4060 698 4120 sent.
724 4057 873 4140 periodus
897 4057 1015 4142 ubique
1039 4057 1165 4140 incipit.

181 4220 184 4224 ,
332 4160 562 4226 Detestationis
586 4163 765 4245 exemplum
790 4167 839 4227 est
862 4163 936 4228 Aul.
962 4164 1105 4241 250—13
1129 4166 1265 4228 verbum
1282 4164 1347 4248 pri·

227 4266 360 4330 marium
395 4273 445 4331 est
476 4266 596 4350 faciam
631 4269 695 4349 (ut)
730 4271 763 4333 in
798 4269 889 4355 (lapt.
915 4271 1023 4334 64-5
1060 4273 1092 4333 at
1125 4269 1178 4336 Ps.
1203 4271 1347 4350 212-3,
