3076 5190
752 534 902 594 ..6-

375 707 436 774 Sed
460 710 574 773 mirum
598 714 646 774 est
669 709 876 795 Madvigium,
911 733 981 774 oum
1005 711 1083 775 haec
1108 714 1298 777 coniunctivi
1322 736 1382 798 ge-

268 817 345 879 ner'a
368 816 586 901 distingueret.
609 817 836 901 interposuisse
852 819 984 883 verbum
1007 819 1086 882 illud
1113 820 1300 900 „Desholb“‚
1317 822 1379 885 nisi

268 924 350 987 forte
374 924 539 1008 analogiae
568 924 686 988 auxilio
710 925 875 1007 irrepsisse
899 928 992 1007 putat
1014 926 1176 1009 obliquum
1201 928 1379 991 coniuncti·

267 1052 351 1108 vum,
387 1051 480 1113 quem
512 1030 551 1094 ad
587 1031 664 1095 alios
699 1035 843 1113 spectare
880 1032 969 1109 dixit,
996 1033 1106 1095 ineos
1132 1033 1210 1096 fines
1234 1035 1289 1117 qui
1313 1036 1381 1099 eius

267 1159 329 1201 non
352 1140 467 1201 essent.
513 1135 596 1201 Nam
621 1160 682 1201 non
707 1139 811 1220 potnit
834 1161 897 1201 non
921 1139 1027 1202 videre
1051 1140 1157 1202 verbis
1175 1141 1291 1204 dudum
1308 1141 1379 1205 lau·

268 1244 349 1307 datis
384 1244 416 1325 (ᾗ
440 1244 519 1326 369)
551 1266 604 1307 eas
628 1267 750 1327 quoque
775 1246 948 1308 sententias
972 1246 1209 1328 comprehendi,
1234 1270 1315 1330 qnae
1339 1250 1378 1312 ad

267 1373 339 1414 eum
362 1351 417 1434 qui
440 1351 622 1433 loqueretur
645 1351 854 1433 pertinerent.

374 1458 422 1521 De
458 1458 581 1521 nomine
614 1458 745 1536 scilicet,
782 1480 842 1522 non
878 1459 915 1522 de
949 1480 982 1521 re
1007 1462 1055 1522 est
1078 1461 1245 1538 contentio,
1271 1465 1376 1525 utrum

265 1563 350 1628 huno
384 1587 508 1648 quoque
542 1565 774 1628 coniunctivum
799 1587 870 1628 oum
894 1565 1057 1647 Madvigio
1081 1566 1244 1648 obliquum
1269 1569 1379 1651 appel-

266 1673 367 1736 lemus
402 1693 509 1749 necne,
547 1672 714 1736 dummodo
749 1695 782 1735 re
819 1676 913 1756 atque
949 1673 1053 1736 verbis
1081 1694 1201 1756 genera
1224 1673 1279 1736 illa
1304 1676 1380 1737 satis

265 1781 348 1842 inter
372 1801 405 1842 se
429 1779 640 1862 seiungamus
688 1778 807 1843 'Pernen
831 1779 1000 1861 obliqua
1024 1779 1100 1841 mihi
1124 1781 1250 1843 videtur
1267 1783 1375 1864 aptius

265 1886 421 1970 appellari
446 1907 482 1948 ea
506 1884 573 1948 sola
596 1887 739 1964 oratio,
764 1887 797 1948 in
821 1909 883 1969 qua
907 1887 1066 1950 reddenda
1091 1890 1148 1949 aut
1172 1909 1376 1969 personarum

266 1993 347 2057 ratio
382 1995 437 2056 aut
470 1992 621 2074 temporis
656 1993 701 2054 ita
736 1997 891 2055 mutata
926 1996 983 2066 est,
1012 1997 1048 2055 ut
1071 2016 1089 2055 a
1114 2016 1170 2057 sua
1194 1999 1299 2057 mente
1324 1999 1379 2059 aut

265 2101 377 2164 saltem
402 2123 421 2162 a
443 2122 499 2163 suo
523 2105 664 2182 tempore
690 2099 793 2162 aliena
817 2104 925 2163 narret
947 2101 975 2162 is
999 2100 1053 2182 qui
1076 2101 1227 2182 loquitur.

376 2207 517 2300 Alterum
543 2210 648 2269 alitem
664 2207 845 2271 liberiorem
862 2207 1095 2271 coniunctivum
1112 2208 1217 2271 nescio
1234 2230 1273 2271 an
1290 2213 1375 2273 recte

265 2318 360 2381 lioeat
383 2337 496 2380 vooare
519 2314 751 2378 coniunctivum
775 2315 1096 2385 subiunctivum,
1123 2337 1194 2377 oum
1211 2316 1278 2379 eius
1295 2317 1377 2379 ratio

207 2417 214 2426 ’
265 2425 307 2488 sit
341 2447 389 2505 ea,
425 2425 460 2484 ut
489 2421 646 2485 infinitivo
670 2421 819 2503 pendenti
844 2422 985 2503 proxime
1010 2422 1232 2504 subiungatur.
1279 2422 1378 2502 („Be-

265 2529 436 2594 standtheil
463 2529 518 2591 der
541 2529 584 2590 im
608 2527 669 2591 Ins.
694 2529 770 2591 oder
787 2527 874 2592 Coni.
894 2527 1107 2611 angefiihrten
1125 2527 1377 2614 Vorstellung“).

265 2637 327 2702 Sed
362 2659 400 2699 ne
425 2636 513 2699 noris
538 2636 716 2698 nominibus
738 2637 863 2698 turbem
889 2636 993 2716 potius
1018 2657 1112 2717 quam
1137 2636 1302 2717 explioem,
1329 2641 1378 2699 tu·

264 2745 327 2807 tius
362 2747 411 2806 est
444 2742 615 2805 secundum
650 2763 740 2804 usum
776 2742 963 2824 simpliciter
997 2764 1069 2805 eum
1100 2743 1261 2824 appellare
1287 2766 1377 2807 oon·

264 2850 490 2914 iunctivum
515 2849 583 2930 qui
608 2849 711 2930 apud
735 2849 977 2912 infinitivos
1003 2853 1076 2911 est.

365 2955 569 3040 inquiremus
604 2956 704 3039 igitur
738 2955 798 3018 hae
834 2955 1056 3037 disputatione,
1084 2955 1248 3019 Plautinas
1284 2957 1397 3020 fabu··

264 3064 311 3126 las
335 3063 562 3141 examinantes,
591 3063 705 3144 quibus
730 3062 905 3125 rationibus
930 3061 1108 3125 afficiantur
1132 3068 1163 3125 et
1186 3063 1219 3125 in
1247 3062 1377 3145 obliqua

264 3175 297 3233 et
320 3170 352 3232 in
376 3170 498 3252 reliqua
521 3169 689 3232 subiuncta
713 3169 854 3232 oratione
879 3191 934 3232 eae
958 3170 1134 3232 sententiae
1158 3170 1375 3248 secundariae,

264 3298 344 3359 quae
380 3277 411 3339 iu
436 3276 580 3339 absoluta
604 3275 740 3338 dictione
765 3273 937 3339 indicativo
968 3277 1200 3358 exprimuntur,
1225 3313 1265 3320 -
1292 3278 1319 3338 si
1343 3278 1376 3338 in

264 3383 455 3446 infinitivum
479 3386 645 3447 transeunt
667 3383 838 3465 primariae
861 3383 1047 3446 sententiae.
