3076 5190
674 570 870 646 -1so-

210 748 426 823 defensionem
451 756 569 821 habeat
581 753 617 838 ¹),
641 759 677 820 ut
701 756 739 820 de
762 778 796 820 re
820 755 953 821 instanti
970 760 1004 820 et
1019 760 1149 822 tantum
1165 779 1229 822 non
1244 771 1326 842 prae·

210 865 291 929 senii
317 868 389 948 post
411 865 487 928 dum
511 867 543 926 et
564 865 751 948 prisssqasm
776 885 806 946 p.
822 863 962 938 172-3,
985 862 1051 944 (cfr
1072 862 1150 928 ¹1¹er.
1175 864 1327 930 Euneos

210 971 383 1056 imperabo:
405 978 473 1054 post
488 970 548 1033 huc
563 968 710 1034 continuo
726 969 820 1051 exeo).
855 967 917 1035 Sed
939 970 1094 1036 vacillant
1111 972 1251 1036 codices.
1272 972 1328 1037 beo

210 1100 249 1142 ex
273 1079 341 1142 cod.
367 1077 394 1141 B
417 1097 501 1140 nunc
524 1076 646 1159 recepit
667 1076 825 1140 scribens:
848 1084 884 1140 at
907 1097 990 1141 aune
1014 1075 1111 1141 etiam
1135 1077 1188 1142 hic
1212 1087 1329 1162 oqatoe

209 1192 244 1248 tu
267 1192 334 1248 tum
355 1206 387 1268 p.
412 1185 440 1246 d.
467 1191 488 1247 t.
536 1183 684 1247 Fortasse
709 1205 785 1247 vera
809 1188 858 1246 est
879 1183 976 1248 lectio
1000 1184 1121 1249 codicis
1141 1184 1171 1248 B
1201 1185 1242 1249 Ut
1256 1207 1330 1249 nune

209 1294 301 1355 etiam
335 1290 386 1354 hie
421 1292 496 1375 oqit,
534 1297 670 1353 actutum
691 1288 798 1373 partes
821 1290 971 1372 defendas
994 1299 1075 1356 toas.
1131 1294 1210 1373 ,wie
1236 1294 1331 1357 dieser

208 1397 307 1462 schon
341 1398 450 1478 thatin
484 1398 534 1474 ist„
560 1419 595 1462 so
619 1395 719 1480 spiele
744 1397 785 1461 du
808 1396 951 1482 sogleich
976 1398 1070 1462 deine
1093 1397 1225 1464 Rolle‘.
1272 1398 1330 1465 oo

208 1526 336 1568 scurum
359 1509 409 1568 est
431 1505 508 1588 quid
533 1503 582 1567 his
606 1504 751 1567 versibus
776 1503 910 1579 dicatur,
938 1504 1102 1588 quianon
1129 1528 1204 1570 cum
1228 1505 1331 1571 fabula

209 1614 317 1675 nostra
341 1610 521 1676 cohaerent.
569 1608 742 1674 Mandatur
758 1610 843 1674 enim
860 1632 912 1675 res
928 1632 1009 1694 quae
1026 1633 1206 1697 numquam
1227 1616 1330 1697 postea

208 1718 384 1801 perficitur.

315 1824 423 1889 Etiam
447 1825 599 1888 incertior
623 1826 672 1887 esi
693 1823 789 1888 lectio
812 1824 844 1887 in

208 1930 301 1995 Truc.
323 1932 397 1997 714.
422 1939 457 1995 ut
477 1929 598 2015 qaudia
622 1952 692 1993 cum
714 1951 771 2014 per
794 1931 845 1994 eis.

315 2039 394 2122 Legi
418 2038 535 2121 Langii
559 2040 719 2121 repugnat
741 2037 821 2101 haec
845 2038 1029 2101 coniectura
1057 2037 1229 2105 Schoellii:

418 2152 453 2208 ut
478 2141 565 2229 (tu),
587 2142 708 2226 caudis
731 2136 968 2228 scommate),
992 2143 1118 2228 perdas.

315 2249 375 2316 Sed
401 2252 526 2315 etiamsi
551 2273 622 2315 cum
646 2250 802 2314 Muellero
825 2253 859 2314 et
882 2250 988 2316 Leone
1013 2252 1205 2319 scribimus:

420 2366 455 2421 ut
476 2358 611 2440 quudeat
634 2379 726 2443 quom
746 2357 863 2441 perdia,

209 2464 401 2529 indicativus
437 2465 476 2528 ad
512 2464 653 2527 futurum
689 2468 816 2547 tempus
851 2467 999 2549 spectans
1033 2466 1173 2530 offendit
1196 2468 1229 2531 iu
1252 2472 1324 2531 sent.

207 2575 317 2656 temp„
354 2593 435 2655 quae
471 2574 637 2655 regentem
665 2570 900 2636 coniunctivum
925 2572 1078 2656 sequitur.
1126 2572 1241 2638 Malim
1263 2595 1326 2657 per·

208 2679 266 2742 dos
288 2678 341 2743 vel
359 2685 477 2762 pereat.

314 2920 345 2984 3.
392 2915 597 2982 Infinitae
633 2921 873 2984 sententiae
904 2919 1123 2985 relativae.

314 3040 509 3107 Indicativus
546 3043 764 3107 verborum
806 3043 1023 3109 modalium
1062 3045 1157 3111 uobis
1194 3046 1326 3112 occurrit

207 3150 239 3212 in
274 3149 451 3225 sententiis,
488 3171 569 3233 quae
604 3151 731 3233 regenti
765 3152 943 3220 sententiae
968 3155 1023 3216 aut
1047 3154 1253 3236 praeposicae
1277 3155 1327 3216 aut

206 3256 401 3339 postpositae
425 3258 518 3332 sunt,¹
534 3259 567 3320 et
589 3257 719 3339 quidem

313 3389 413 3453 futuri
436 3389 501 3452 ind.
526 3389 559 3453 in

207 3495 404 3560 Men.1044.
422 3493 534 3574 dicum,
560 3504 594 3560 ut
617 3518 637 3560 a
660 3517 708 3561 me
731 3497 819 3562 obeat
842 3497 1015 3583 liberque
1038 3499 1152 3563 volet.

648 3601 773 3688 [habeat
796 3602 880 3689 3¹0]

313 3709 492 3793 praesentis
515 3709 579 3773 ind.
605 3710 638 3774 in

206 3814 277 3881 Mil.
301 3816 353 3879 81.
424 3812 488 3895 Qui
511 3823 613 3880 autem
637 3819 928 3901 nosochomium,
952 3829 1100 3905 esaurqot
1122 3822 1226 3903 foras,

425 3922 464 3985 Ut
487 3925 527 3986 sit
550 3924 603 3987 ubi
625 3926 727 3988 sedeat
749 3923 824 3989 ille
846 3925 915 4010 qui
937 3929 1117 3992 auscultare
1139 3931 1234 3994 volt.

315 4116 333 4182 ¹)
360 4118 553 4170 Rodenbusch
573 4119 591 4171 l.
612 4119 628 4171 l.
649 4136 675 4185 p,
695 4120 729 4172 63
758 4121 831 4173 falso
854 4121 981 4174 codicem
1001 4123 1025 4174 B
1044 4123 1122 4189 citat,
1142 4139 1209 4176 cum
1230 4123 1329 4192 scribit

210 4203 249 4259 ut
273 4222 360 4259 nunc
388 4223 481 4273 quom
508 4206 588 4260 ctiam
616 4207 660 4260 hio
686 4208 746 4276 uuit
772 4214 801 4262 et
828 4211 865 4262 ad
892 4226 959 4263 vere
979 4226 1117 4278 praesens
1137 4215 1257 4280 tempus
1275 4214 1328 4265 hoc

206 4296 388 4350 enuntiatum
407 4297 506 4349 refert.
