3076 5190
540 581 735 645 -199-

77 756 198 822 attrahi
234 763 374 842 possunt,
410 757 637 842 cuiuscumque
671 759 799 842 generis
832 762 896 825 est:
923 796 963 805 -
988 761 1020 823 in
1045 759 1199 843 exemplis

77 866 174 950 louge
199 865 364 949 plurumis,
389 868 425 928 ut
445 865 529 948 apud
546 865 728 946 infinitivos,
754 867 793 931 ad
811 867 951 931 futurum
969 870 1094 951 tempus
1112 869 1200 930 utre·

78 994 140 1056 que
165 971 324 1035 sententia
353 971 503 1054 pertinet,
528 974 564 1034 ut

79 1077 135 1143 As.
164 1078 217 1142 44.
326 1077 370 1141 m·
393 1076 450 1141 aar
472 1079 544 1141 derit
567 1098 865 1165 quaequomque
887 1087 1005 1164 optes.

78 1184 196 1249 Bacch.
217 1183 312 1249 1037.
331 1184 435 1270 Neque
467 1206 520 1270 eqo
554 1185 641 1249 haud
667 1187 864 1266 committam,
888 1195 933 1268 ut,
959 1187 1098 1273 siquid
1116 1209 1199 1272 pec·

423 1299 552 1355 catum
575 1293 666 1372 siet,
721 1344 724 1351 .

330 1397 453 1461 Fecisse
476 1398 563 1461 dicus
586 1399 623 1462 de
644 1419 713 1462 mea
736 1402 900 1480 scatentia·

78 1505 254 1568 cuiusmodi
290 1504 481 1568 indicativus
516 1504 542 1567 si
577 1505 704 1588 quaudo
739 1509 894 1584 servatur,
920 1529 958 1570 eo
982 1507 1049 1570 fere
1073 1506 1199 1580 attinet,

79 1615 114 1674 ut
148 1611 289 1675 futurum
325 1615 452 1694 ternpus
487 1612 629 1695 apertius
665 1613 812 1696 designet
848 1618 903 1677 aut
937 1635 1004 1677 rem
1032 1614 1198 1678 certiorem

78 1719 207 1783 reddat:
232 1718 292 1781 nisi
317 1719 448 1783 verbum
467 1718 591 1782 modale
615 1721 664 1782 est
687 1718 737 1794 (ut
751 1720 834 1799 uelle,
852 1721 963 1800 lubere,
978 1723 1091 1805 posse),
1117 1742 1198 1804 quae

78 1846 170 1889 voces
194 1824 327 1889 liberius
350 1827 482 1889 restant.
509 1859 550 1869 —
574 1823 677 1890 Multo
701 1825 804 1889 rarius
828 1827 866 1890 ad
884 1848 1034 1910 praesens
1056 1830 1111 1891 aut
1126 1848 1200 1909 per-

78 1932 197 1996 fectum
221 1933 348 2015 tempus
372 1936 508 2014 utraque
532 1933 691 1996 sententia
714 1932 855 2016 pertinet
877 1938 914 1997 ut

78 2037 171 2103 Most.
192 2039 264 2103 173.
296 2038 417 2102 Virtute
451 2039 572 2120 formae
595 2037 631 2102 id
665 2041 770 2120 creuit,
807 2047 834 2104 tc
868 2047 904 2104 ut
926 2041 1030 2106 (laceat
1052 2040 1201 2126 quicquid

397 2145 519 2211 habeas.
586 2213 589 2218 ,

78 2249 135 2315 As.
160 2251 235 2316 572.
291 2257 362 2332 (tua
386 2289 426 2299 —
451 2253 619 2335 malefacta
641 2251 756 2318 iterari
779 2255 878 2318 multa
908 2290 942 2299 -
965 2254 1110 2337 possunt)

298 2357 355 2421 Ubi
378 2357 528 2422 creditum
552 2361 635 2443 quod
657 2358 699 2423 sit
722 2359 779 2424 tihi
802 2361 910 2424 datum
926 2382 989 2424 esee
1001 2358 1197 2444 peraeqaris,

78 2469 111 2528 et
129 2465 308 2549 praesentis
325 2466 438 2529 saltem
462 2466 616 2549 temporis
641 2467 832 2531 indicativus
853 2467 954 2532 libere
970 2467 1090 2531 serrari
1107 2488 1199 2549 posse

78 2572 214 2636 videtur.

186 2781 226 2846 ll.
274 2782 332 2847 Ad
364 2785 424 2847 rei
457 2787 642 2867 sumptae
675 2789 782 2849 autem
806 2784 1108 2857 coniunctivos,
1132 2784 1198 2849 sire

78 2889 309 2954 condicionales
344 2894 427 2966 sunt,
462 2891 529 2955 sive
556 2891 780 2975 interrogatiri
805 2890 1046 2974 indignantium
1070 2890 1121 2954 vel
1144 2889 1199 2974 qui

78 3017 149 3059 oum
167 2996 205 3059 iis
222 2995 402 3073 cohaerent,
419 2997 486 3062 sive
502 2997 644 3077 irreales,
660 3019 722 3062 nou
738 2997 839 3062 solum
857 3019 993 3061 omnes
1008 3000 1110 3061 sent.
1134 2997 1199 3060 iu·

78 3103 232 3166 finitae
250 3104 454 3167 attrahuntur
470 3105 525 3167 sed
542 3105 639 3168 etiam
656 3103 740 3168 haud
757 3127 828 3169 raro
844 3105 1051 3168 definitae
1066 3104 1100 3184 ¹),
1117 3125 1199 3188 quae

78 3230 151 3272 cum
175 3210 301 3294 regenti
324 3211 484 3274 sententia
507 3232 605 3295 prope
621 3211 809 3275 coniunctae
825 3215 911 3276 sunt:
938 3211 1075 3275 maxime
1092 3211 1126 3275 iu
1142 3211 1199 3274 ad·

78 3316 237 3381 versativo
271 3339 364 3392 nexu,
400 3318 588 3401 praesertim
622 3318 649 3381 si
673 3339 839 3383 commune
864 3322 913 3382 ost
935 3318 1100 3401 utriusque
1123 3339 1199 3381 sen-

78 3423 197 3486 tentiae
221 3423 409 3488 subiectum.

185 3528 275 3593 Haec
299 3530 447 3612 exempla
470 3530 620 3596 afferam:

79 3634 199 3719 Amph.
210 3635 284 3700 871.
303 3635 387 3700 Nam
410 3657 478 3700 mea
501 3635 661 3721 sitculpa,
684 3638 779 3722 quod
796 3645 909 3722 cqomct
932 3635 1198 3715 contraxerim,

232 3728 234 3733 ¹
292 3740 329 3807 St
352 3743 387 3805 id
410 3743 601 3807 Alcumenae
624 3746 779 3808 tarroceati
802 3751 930 3828 expetat.

78 3847 146 3913 Mil.
172 3850 247 3914 556.
292 3847 373 3913 cidi:
396 3871 453 3913 cur
476 3842 581 3935 nepem
604 3850 700 3935 quod
722 3849 908 3914 uiderim?

187 4022 206 4090 ¹)
233 4024 305 4078 Oum
333 4025 411 4092 apud
439 4029 549 4078 ceteros
578 4025 777 4079 coniunctivos
803 4025 940 4078 definitae
959 4026 1120 4079 sententiae
1140 4041 1199 4078 nou

77 4115 269 4183 attrahantur,
296 4118 416 4181 apparet
444 4114 518 4167 falso
538 4113 733 4168 Lusbbertum
753 4114 802 4167 Gr.
822 4113 902 4167 stud.
921 4115 951 4166 11
969 4114 1133 4167 attractioui
1152 4115 1198 4167 tri·

78 4203 176 4256 buisse
195 4203 412 4256 coniunctivum
431 4206 497 4269 post
515 4218 595 4271 quom
613 4201 721 4255 causale
739 4203 842 4256 Bacch.
862 4202 922 4255 907.
940 4205 974 4256 ut
984 4218 1046 4256 cum
1059 4232 1092 4240 —
1115 4201 1198 4262 Occu-

75 4307 136 4368 qem
155 4307 235 4367 quom
254 4319 287 4329 —-
300 4289 404 4370 saciat.
442 4290 492 4351 cfr
510 4292 597 4346 huius
616 4291 691 4368 disp.
710 4308 738 4368 p.
757 4291 792 4345 26
810 4292 847 4345 ad
867 4290 947 4368 Oapt.
968 4291 1029 4352 146,
