3076 5190
605 576 779 655 ..29-

238 762 338 831 ludio.
363 766 463 830 futuri
487 771 549 830 est:

132 872 206 938 Aul.
232 874 306 938 210.
344 873 463 952 Quaeso
497 875 600 959 quod
622 883 649 938 te
671 874 952 959 percontabor,
979 896 1017 938 oe
1038 873 1075 938 id
1098 882 1125 939 te
1145 873 1251 959 pipeot

448 980 603 1066 proloqui.
807 1028 810 1035 .

238 1086 287 1152 Da
312 1085 388 1152 cist.
413 1089 456 1152 46
479 1111 509 1153 v.
533 1088 618 1152 infra
641 1110 671 1172 p.
697 1089 751 1152 33.

238 1223 268 1285 2.
316 1219 608 1304 comparativa
632 1222 814 1288 enuntiata:

131 1327 201 1392 Cas,
227 1329 278 1393 89.
343 1329 417 1392 Non
449 1327 528 1391 mihi
552 1326 645 1392 licere
676 1349 776 1393 moro
811 1350 875 1393 rem
905 1349 952 1391 me
974 1329 1076 1392 solum
1100 1336 1141 1392 ut
1163 1329 1250 1393 roto

344 1434 456 1521 Loqui.

130 1540 217 1608 Trin.
233 1545 307 1621 311,
322 1543 395 1608 620.
416 1541 557 1606 Nimium
575 1540 735 1624 difficilest
751 1540 885 1626 reperiri
900 1541 970 1625 [io]
986 1540 1124 1606 emicem
1137 1541 1186 1606 ito
1209 1551 1250 1606 ret

450 1670 560 1713 nomen
583 1650 698 1713 eluet.

238 1787 267 1849 3.
315 1782 513 1849 causales
548 1784 736 1863 sententiae,
760 1805 842 1867 quae
874 1783 1052 1866 praesentis
1078 1786 1133 1848 aut
1156 1805 1249 1867 prae·

131 1891 218 1955 teriti
241 1891 395 1975 temporis
419 1894 502 1966 sunt,
523 1890 632 1954 modos
655 1891 819 1956 absolutae
836 1890 1006 1953 iunctionis
1023 1912 1149 1973 semper
1171 1890 1249 1954 reti·

131 2001 217 2076 nent,
243 2020 306 2062 non
330 1998 431 2062 solum
450 1996 504 2062 ubi
522 1997 665 2062 adverbii
681 1997 804 2062 vicibus
819 1998 1011 2080 funguntur:
1037 1997 1155 2080 Amph.
1173 1998 1248 2075 266,

132 2106 188 2169 As.
214 2106 267 2184 80,
292 2104 482 2189 01111423,
519 2103 579 2170 cas
604 2104 683 2188 prol.
709 2106 739 2181 7,
767 2103 865 2169 Poen.
892 2105 965 2181 125,
989 2104 1044 2167 sed
1074 2105 1170 2168 etiam
1195 2104 1249 2169 ubi

129 2213 245 2277 obiecti
269 2212 340 2276 loco
364 2212 531 2275 infinitivis
555 2211 698 2294 proxime
722 2212 908 2276 subiunctae
932 2216 1023 2276 suntt

131 2319 221 2403 Capi.
243 2319 317 2383 259.
342 2319 448 2403 Neque
478 2319 532 2402 pol
565 2316 622 2382 titi
645 2339 710 2398 nos,
737 2316 827 2403 quio
850 2338 905 2381 ooa
927 2339 1068 2399 aeroas,
1094 2325 1250 2402 aequomst

449 2424 525 2489 oilie
547 2432 673 2489 vortere.

130 2533 227 2598 Mero.
243 2533 317 2599 782.
342 2532 492 2597 Fortasse
515 2540 543 2596 te
564 2530 657 2595 illem
680 2529 798 2595 mirori
820 2552 945 2616 coquom

344 2639 433 2718 Quod
455 2637 537 2703 oeeit
561 2646 652 2724 etque
676 2638 751 2703 loeo
774 2637 890 2703 attulit.

236 2745 317 2812 Item
342 2770 375 2810 se
399 2747 520 2810 habent
543 2746 815 2810 concessivae
839 2750 920 2810 sent.
944 2745 1048 2829 qualis
1072 2748 1121 2808 est

130 2862 176 2920 st.
201 2857 253 2920 81.
345 2852 429 2934 Quid
451 2851 497 2917 mi
520 2860 610 2937 opust
635 2889 674 2898 -
699 2874 770 2916 oum
795 2848 914 2937 <opis

344 2960 461 3025 Gerre
495 2960 616 3036 tellum,
652 2980 764 3046 quom
798 2957 846 3022 eil
874 2979 970 3044 quom
993 2959 1028 3022 ob
1051 2979 1117 3022 rem
1139 2957 1175 3022 id
1196 2958 1248 3037 fo·

449 3066 530 3130 mom
554 3065 702 3131 meruisse
725 3065 940 3129 arbitror?

506 3170 660 3257 [arbitrer
684 3170 874 3256 Lambinus]

129 3282 206 3349 cist.
232 3281 374 3347 626-7.

236 3399 285 3462 De
309 3398 510 3462 coniunctim
533 3399 606 3480 post
623 3398 728 3480 'quom
745 3397 990 3460 adversativum'
1008 3397 1039 3459 in
1057 3395 1149 3479 (lapt.
1173 3396 1247 3473 146,

129 3529 222 3591 quem
259 3506 422 3569 modorum
459 3504 679 3569 assimilationi
712 3503 793 3567 falso
817 3504 931 3567 tribuit
954 3502 1128 3579 Luebbert‚
1152 3524 1249 3585 supra

130 3614 289 3698 disputavi
313 3635 344 3696 p.
370 3612 422 3677 26.

235 3749 266 3810 4.
312 3744 402 3810 Idem
425 3745 512 3809 valet
535 3745 574 3809 de
597 3745 899 3828 temporalibus
923 3743 1100 3822 sententiis,
1132 3742 1248 3827 quibus

129 3857 282 3918 certum
306 3853 464 3937 quoddam
488 3856 648 3936 tempus
671 3852 881 3937 significatur.

128 3969 223 4034 Most.
241 3971 315 4035 220.
341 3968 485 4033 Eundem
520 3967 664 4033 orimum
698 3974 814 4051 oportet
848 3988 951 4031 rruoo
977 3963 1247 4049 1111111111,9να-

448 4082 515 4139 teon
537 4081 580 4139 rt
601 4071 884 4159 impetrarim,

341 4184 443 4268 Atque
466 4179 542 4246 olim
559 4180 751 4267 priusquam
772 4180 808 4244 iol
823 4179 940 4254 eoladi,
957 4201 1049 4265 quom
1063 4177 1116 4243 illi
1131 4176 1247 4264 su<b>·

450 4288 642 4354 blandiebar.
