3076 5190
611 525 786 589 ..21-

141 705 208 769 dosi
252 705 460 769 indicativum
502 704 590 769 verbi
635 703 778 782 modalis,
819 704 902 787 quod
941 702 1058 767 dicitur
1071 699 1105 784 ¹).
1167 699 1256 777 Quae

141 813 222 876 ratio
256 786 339 876 unde
375 813 509 888 venerit,
544 811 629 874 haud
665 811 834 875 obscurum
858 815 916 885 est,
941 831 1013 874 cum
1037 810 1256 874 coniunctivus

141 921 304 1001 protaseos
327 940 390 982 non
415 919 454 982 ad
478 918 683 982 indicativum
709 918 798 982 verbi
821 916 956 981 modalis
979 917 1108 1000 proprie
1129 938 1163 979 re
1180 937 1257 980 exa·

141 1027 260 1089 minata
284 1026 444 1109 respiciat,
469 1025 524 1089 sed
550 1024 588 1088 ad
613 1024 804 1088 infinitivum
829 1022 893 1105 (vel
917 1023 1177 1104 coniunctivum),
1200 1023 1256 1107 qui

141 1133 181 1196 ab
205 1132 260 1197 illo
284 1133 381 1197 verbo
404 1132 533 1217 pendet,
557 1135 593 1196 nt
616 1132 643 1196 si
665 1130 833 1214 inspicias:

141 1256 449 1321 Bacch.818.Hun0
471 1259 507 1320 si
530 1257 615 1319 ultus
637 1256 713 1319 deus
735 1262 899 1335 amaret,
932 1256 1005 1339 ptus
1028 1257 1123 1319 aunis
1145 1255 1256 1335 decem

355 1363 434 1428 Plus
458 1366 522 1427 iam
546 1364 657 1449 viciati
679 1369 875 1426 mortuum
900 1383 983 1426 esse
1006 1364 1198 1446 oportuit.

267 1471 278 1533 i
302 1493 328 1535 e..
354 1470 390 1534 si
412 1478 541 1548 amaret,
568 1476 706 1533 mortuus
729 1477 804 1533 essct
830 1503 866 1514 ·-
894 1468 966 1552 (ita)
990 1472 1134 1553 oportuit.

247 1601 284 1668 In
307 1603 368 1668 hac
391 1605 492 1689 igitur
507 1603 645 1667 dictione
661 1603 881 1667 coniunctivae
904 1606 1066 1686 protaseos
1090 1624 1179 1668 suam
1195 1601 1253 1666 ha·

142 1713 195 1775 bet
210 1711 273 1775 vim
291 1709 549 1786 condicionalem,
564 1731 667 1793 neque
684 1713 733 1773 est
748 1709 847 1773 ullum
864 1707 1047 1774 Plautinum
1065 1709 1255 1793 exemplum,

141 1818 173 1881 in
197 1839 259 1902 quo
281 1817 378 1882 liceat
402 1837 462 1902 pro
486 1821 573 1882 certo
595 1817 754 1881 affirmare
779 1838 818 1880 ex
842 1816 911 1900 ipsa
935 1816 1157 1881 subiunctione
1182 1838 1257 1880 con·

141 1926 315 1990 iunctivnm
340 1927 444 1990 ortum
468 1946 548 2000 esse,
573 1925 633 1988 nisi
657 1923 791 1988 fortasse
815 1924 848 1987 in
872 1944 944 1999 uno,
968 1923 1051 2007 quod
1075 1925 1141 1989 estt

141 2058 210 2125 cas.
237 2058 311 2124 529.
355 2058 440 2138 Quid
472 2079 520 2121 me
555 2079 662 2121 amore
685 2057 791 2139 refert,
816 2058 900 2120 aiei
922 2059 996 2120 sim
1019 2056 1125 2121 doctus
1148 2078 1185 2121 aa
1207 2058 1257 2121 di·

459 2165 609 2229 cuculus?

141 2287 265 2375 [doctus
300 2292 393 2353 diona
424 2292 511 2354 virus
545 2289 582 2366 B,
618 2289 705 2354 dicae
736 2291 813 2353 uiris
837 2289 946 2367 ceteri,
970 2310 1049 2353 corr.
1074 2288 1254 2375 Kiessling3

269 2418 339 2461 sum
362 2395 417 2461 ΕΖ
441 2400 473 2461 et
495 2397 540 2460 sic
563 2400 683 2460 temere
707 2396 840 2480 Langen
864 2395 963 2460 Beitr.
988 2418 1019 2480 p.
1044 2393 1103 2481 50]

140 2514 173 2577 in
208 2535 270 2597 quo
305 2535 354 2578 ex.
380 2513 460 2576 'sim'
484 2533 542 2596 pro
568 2510 643 2576 'ero’
667 2511 800 2576 forsitan
825 2511 944 2575 dictum
967 2512 1009 2575 sit
1032 2512 1065 2575 in
1089 2512 1257 2577 subiuncta

141 2620 281 2684 oratione
291 2615 327 2700 ²).
365 2654 406 2665 -
441 2618 535 2683 Blase
560 2616 679 2683 Wolffl.
704 2617 802 2683 Arch.
827 2616 873 2682 lX
896 2640 927 2701 p.
953 2619 995 2682 24
1019 2617 1255 2684 adhortativum

141 2728 376 2792 coniunctivum
409 2748 477 2790 esse
501 2729 594 2810 putat
622 2747 749 2806 ,ausser
771 2724 823 2789 ich
847 2747 932 2788 muas
956 2725 1035 2810 klug
1058 2726 1122 2789 und
1146 2727 1255 2811 witzig

140 2835 242 2899 sein“.
267 2869 308 2879 -
342 2834 402 2897 Sed
427 2832 487 2900 hoc
510 2854 635 2916 quoque
659 2853 708 2896 ex.
733 2853 899 2915 possumus
922 2832 1128 2917 interpretari
1151 2835 1191 2898 ad
1215 2834 1257 2897 si·

141 2941 354 3005 militudinem
377 2944 564 3014 ceterorum,
589 2939 621 3002 in
645 2938 761 3023 quibus
785 2938 922 3003 modalia
946 2941 1042 3004 verba
1065 2943 1149 3004 sunt.

248 3053 285 3120 In
309 3078 374 3140 qua
395 3077 430 3120 re
453 3055 543 3120 lubet
566 3055 710 3119 conferre

140 3171 209 3236 Mil.
234 3171 310 3237 878.
355 3171 499 3235 Stultitia
523 3205 562 3216 -
587 3166 702 3255 doe<c>
727 3171 778 3250 eit,

355 3277 411 3341 Me
433 3280 480 3341 ire
502 3278 536 3340 in
559 3297 636 3362 opus
658 3277 796 3340 alienum
818 3312 863 3323 -

354 3384 392 3450 Si
416 3419 455 3430 -
481 3386 618 3449 nesciam
640 3390 697 3448 out
720 3384 805 3446 crota
827 3404 890 3447 esse
912 3391 968 3447 aut
990 3384 1208 3466 fraudulento.

140 3503 224 3587 quod
248 3525 298 3566 ex.
323 3524 342 3565 a
365 3499 436 3566 Cas.
461 3501 525 3566 529
561 3523 623 3564 non
660 3500 821 3583 discrepat
847 3500 908 3563 nisi
932 3501 1015 3584 quod
1040 3501 1256 3567 coniunctivus

142 3612 190 3673 est
212 3609 306 3673 etiam
332 3609 365 3671 in
388 3607 541 3692 primario
564 3607 738 3671 enuntiato.
785 3604 851 3672 Ubi
874 3607 901 3670 si
923 3630 981 3691 pro
1001 3608 1106 3672 verbis
1122 3606 1257 3672 stultitia

140 3718 181 3780 sit
215 3715 460 3781 substituamus:
497 3714 581 3793 Quid
603 3713 701 3795 refert
723 3712 798 3790 —?,
827 3735 930 3797 neque
954 3714 1112 3778 sententia
1135 3715 1201 3779 ulla
1224 3716 1257 3779 in

141 3845 175 3887 re
202 3825 343 3886 mutetur
365 3842 468 3905 neque
493 3820 683 3885 coniunctivi
706 3824 830 3898 natura,
856 3821 911 3904 qui
932 3820 1029 3885 estin
1050 3822 1258 3887 condicionali

141 3933 238 3995 sent:
262 3931 292 3993 ai
314 3931 460 3993 nesciam.

248 4068 268 4137 ¹)
295 4087 321 4124 v.
341 4070 489 4136 Lindskog
516 4070 558 4122 De
586 4085 631 4122 en.
659 4069 736 4136 apud
755 4069 846 4122 Plaut.
874 4074 903 4122 et
921 4071 983 4123 Ter.
1003 4070 1257 4138 condicionalibus,

141 4160 259 4213 Lundae
279 4158 473 4227 1895,p.121
493 4175 535 4225 sq.

248 4245 269 4316 ³)
287 4247 338 4302 cfr
355 4248 544 4303 indicativum
562 4248 593 4302 in
611 4247 715 4301 Baccln
734 4246 787 4302 704
805 4264 831 4301 v.
851 4264 878 4315 p.
896 4248 939 4302 31.
