3076 5190
405 1050 446 1116 ΙΙ.
495 1054 710 1120 Coniunetivus
734 1072 843 1135 regens
867 1055 932 1135 ipse
956 1055 1076 1135 pendet.

288 1194 529 1261 Coniunctivum
564 1197 736 1261 voluntatis
760 1201 793 1260 et
825 1198 1059 1261 coniunctivum
1084 1198 1130 1260 rei
1154 1200 1300 1279 sumptae

180 1324 243 1365 non
279 1301 355 1366 lieet
389 1324 490 1386 aeque
526 1304 621 1368 certis
657 1304 773 1368 finibus
805 1303 858 1369 hie
882 1308 976 1388 atoue
1000 1305 1034 1367 in
1058 1304 1203 1368 absoluto
1227 1325 1302 1368 cou-

127 1424 135 1447 ³
180 1409 321 1472 innotivo
356 1410 524 1473 tractando
560 1411 749 1488 discernere,
775 1432 846 1475 cum
870 1433 932 1474 non
957 1432 1082 1494 semper
1106 1410 1238 1494 liqueat,
1262 1432 1301 1474 ex

181 1519 251 1579 utro
287 1515 406 1599 singuli
441 1517 635 1581 coniunctiri
669 1518 803 1581 subiecti
839 1518 1014 1582 deducendi
1047 1518 1120 1581 sint.
1167 1515 1299 1592 Temen,

180 1622 264 1705 quod
289 1622 329 1686 ad
353 1622 516 1687 modorum
540 1624 801 1687 assimilationem
827 1624 951 1699 attinet,
977 1624 1173 1706 reperiemus
1189 1624 1301 1687 eedem

180 1729 354 1812 partitione
389 1728 441 1793 hio
476 1752 555 1814 opus
590 1752 668 1813 esse.
717 1730 767 1794 Ad
803 1735 925 1795 eeteros
960 1731 1045 1794 enim
1073 1731 1301 1809 coniunctivos,

179 1835 255 1899 item
293 1838 328 1899 ut
363 1836 446 1919 spud
482 1836 654 1901 voluntatis
689 1838 926 1901 coniunctivum
962 1837 1152 1915 absolutum,
1176 1837 1301 1900 infinite

179 1945 304 2006 tantum
339 1946 419 2006 sent.
444 1945 633 2007 secundaria
657 1965 738 2028 quse
763 1944 904 2008 eiusdem
927 1944 1080 2027 temporis
1103 1946 1152 2006 est
1176 1943 1300 2006 assimi-

180 2049 273 2127 latur,
296 2048 336 2112 ad
360 2070 414 2112 eos
438 2053 555 2129 eutem,
579 2051 634 2134 qui
658 2051 704 2114 rei
728 2053 874 2133 sumptae
898 2034 1091 2115 coniunctivi
1114 2051 1179 2114 vim
1204 2053 1299 2133 etque

179 2154 450 2238 significationem
485 2157 640 2230 redolent,
677 2157 808 2239 insuper
843 2160 875 2220 et
909 2157 1053 2220 infinitae
1088 2160 1168 2220 sent.
1205 2157 1300 2220 alieni

178 2252 332 2346 temporis
356 2265 389 2326 et
412 2262 562 2327 definitae
586 2267 666 2327 sent.
693 2263 777 2327 haud
802 2286 874 2327 raro
899 2263 1123 2327 assimilantur.

234 2489 263 2531 α.
312 2467 539 2534 Coniunctivus
574 2490 689 2553 regens
724 2468 963 2553 praesentis
987 2470 1042 2530 aut
1067 2467 1247 2549 perfecti

621 2576 775 2659 temporis
800 2579 858 2639 est.

575 2745 616 2810 A.
663 2743 909 2810 Goniunotivus.

287 2869 325 2951 ἓξ
350 2872 379 2934 1.
415 2868 643 2935 Coniunctivus
667 2870 768 2933 oritur
792 2870 823 2932 in
848 2867 1039 2931 infinitis
1063 2866 1230 2931 sententiis
1249 2889 1300 2930 se-

179 2976 349 3055 cundariis,
375 2999 477 3061 quse
506 2998 590 3041 eum
620 2975 810 3059 regentis
835 2973 1092 3039 coniunctiri
1116 2977 1300 3057 tempore

179 3087 428 3166 congruunt,
466 3105 591 3167 semper
627 3082 693 3146 fere
729 3083 755 3145 si
787 3082 826 3146 ad
851 3081 992 3145 futurum
1016 3083 1142 3163 tempus
1166 3084 1300 3163 utraque

179 3190 338 3254 sententia
362 3191 511 3273 pertinet,
537 3190 632 3273 paulo
655 3189 787 3254 solutius
811 3189 838 3252 si
855 3188 1062 3271 adpraesens
1079 3187 1125 3269 (in
1142 3187 1300 3251 iterativis

180 3296 344 3380 periodis);
360 3319 487 3379 semper
503 3299 707 3380 (quamquem
725 3318 827 3379 pause
843 3317 892 3358 ex.
906 3295 994 3375 sunt)
1010 3295 1035 3356 si
1054 3294 1092 3357 ad
1111 3294 1300 3376 perfeetum.

289 3439 316 3502 l.
364 3437 684 3504 Condicionales
707 3437 895 3501 sententiae.

286 3563 336 3626 Ad
372 3564 514 3627 futurum
538 3568 664 3646 tempus
689 3567 721 3626 et
745 3561 965 3626 coniunctivae
990 3581 1104 3643 regens
1129 3564 1161 3622 et
1184 3581 1297 3624 seeun-

179 3672 268 3734 derie
292 3670 450 3734 sententie
474 3674 630 3754 spectant.

287 3778 424 3841 Difficile
449 3781 497 3840 est
520 3777 638 3860 ubique
663 3775 849 3854 diiudicare,
866 3778 972 3838 utrum
989 3773 1207 3837 coniunctivus
1225 3795 1299 3838 con·

179 3884 342 3948 dioionslis
377 3885 555 3947 sententiae
592 3883 754 3947 modorum
790 3881 974 3945 attractioni
1005 3903 1045 3943 an
1071 3880 1166 3942 nexui
1191 3881 1299 3944 eondi-

178 3991 294 4055 eionali
319 3991 482 4064 debeatur,
514 4031 543 4038 —
574 3989 763 4073 praesertim
792 4009 864 4051 oum
888 4008 1014 4069 semper
1037 3987 1129 4049 nobis
1153 3990 1300 4050 occurrat

178 4103 249 4182 post
284 4100 322 4176 si,
351 4100 380 4161 si
402 4099 472 4182 quis
495 4097 595 4177 (=ei
616 4095 723 4176 forte),
747 4097 813 4172 etsi,
837 4095 891 4157 ubi
916 4093 979 4156 iem
1005 4093 1036 4155 in
1062 4092 1208 4157 absoluta
1232 4094 1299 4157 die·

177 4206 263 4269 tione
299 4204 430 4268 liberius
466 4207 647 4287 usurpatur,
683 4203 716 4265 in
752 4200 839 4264 nullo
875 4222 923 4262 ex.
961 4203 1033 4282 post
1067 4197 1141 4272 nim,
1175 4200 1210 4262 ni
1238 4236 1297 4265 —.

177 4310 299 4375 Tamen
334 4311 366 4375 in
402 4311 568 4394 exemplis,
604 4332 685 4394 quae
720 4309 783 4372 iam
820 4307 962 4382 afferam,
997 4306 1150 4370 credibile
1174 4306 1300 4371 videtur

1158 4429 1193 4482 10
