3076 5190
685 533 856 614 „co-

213 718 298 794 xime
332 728 503 814 pertinere,
539 750 601 794 non
636 731 727 792 extra
761 728 944 792 mandatam
978 727 1155 793 orationem
1188 728 1334 794 additam

214 857 291 916 esse,
317 836 483 901 relativam
511 835 712 900 sententiam.
758 832 860 900 Utin
884 833 976 919 (lapt.
1002 835 1063 901 391
1090 838 1179 900 certo
1203 834 1334 921 'l'ynda-

213 965 267 1008 rus
291 965 330 1008 ca
353 965 477 1028 quoque
501 943 599 1008 verba
622 941 798 1007 honorifica
821 942 923 1007 relata
946 942 1024 1019 vult,
1049 964 1130 1025 quae
1154 965 1252 1009 versu
1267 945 1332 1009 392

212 1051 424 1115 continentur.

319 1155 381 1223 Sed
417 1155 517 1221 nihilo
552 1157 655 1221 minus
689 1156 880 1222 indicativus
914 1178 970 1222 suo
997 1157 1065 1223 loco
1088 1160 1147 1235 est,
1171 1157 1241 1223 sive
1264 1180 1330 1222 sen·

211 1266 345 1329 tentiam
369 1263 536 1329 relativam
560 1266 709 1347 putamus
733 1264 774 1328 ab
798 1264 913 1348 coqui
936 1262 1163 1349 loquituriam
1187 1286 1259 1331 esse
1275 1287 1330 1330 ex·

211 1371 360 1456 plicando
383 1371 534 1446 additam,
551 1371 618 1436 sive
643 1392 711 1434 eam
729 1391 894 1434 censemus
911 1393 929 1434 a
944 1367 977 1434 ΙΙ
992 1393 1147 1455 personae
1162 1373 1265 1437 verbo
1282 1372 1330 1436 di·

211 1478 304 1543 cendi
320 1500 354 1542 re
370 1500 446 1543 vcra
463 1478 611 1561 pendere.
636 1475 669 1542 Si
686 1477 770 1541 enim
787 1472 866 1542 illud
883 1478 1057 1562 accipimus
1073 1478 1211 1543 conferri
1225 1482 1330 1563 potest

211 1593 310 1659 Persa
333 1595 408 1658 302.
431 1592 591 1658 Paratum
624 1592 691 1658 ium
725 1612 789 1657 esec
822 1591 927 1671 dicito,
969 1594 1054 1659 unde
1086 1599 1255 1677 arpentum
1287 1593 1330 1659 sit

522 1700 686 1784 futurum.

423 1807 532 1872 Iubeto
569 1807 683 1872 tabem
720 1805 864 1872 animum
896 1808 1026 1873 bonum:
1064 1806 1116 1872 dic
1152 1828 1202 1873 me
1239 1806 1328 1874 illum

530 1933 640 1979 amare
661 1913 812 1980 maltum:

430 2020 509 2088 Uoc·
529 2041 568 2086 se
590 2020 765 2087 adiuvat
786 2020 847 2086 toz·
868 2042 922 2086 me
946 2021 1126 2087 adiuvat.
1151 2042 1235 2103 quac
1257 2020 1329 2087 diui

528 2134 564 2193 ut
585 2127 762 2205 nuntiares,
788 2127 885 2193 Sutia
907 2149 945 2192 ea
969 2128 1076 2193 tenes?

341 2233 474 2320 [adluat
495 2234 569 2301 libri
593 2235 659 2300 bis:
684 2257 763 2300 corr.
780 2234 876 2300 Valla
899 2256 971 2301 cum
994 2233 1035 2317 A,
1059 2239 1096 2300 ut
1117 2233 1200 2320 vid]

316 2357 354 2424 In
390 2360 449 2425 hoc
483 2361 567 2424 enim
604 2360 750 2445 exemplo
783 2361 837 2425 uix
861 2360 993 2425 dubium
1018 2383 1086 2425 esse
1109 2364 1226 2445 potcst,
1251 2363 1325 2448 quin

210 2467 242 2531 id
266 2488 391 2551 quoque
415 2466 571 2546 solatium,
607 2467 689 2551 quod
714 2467 798 2530 inest
819 2467 852 2530 in
875 2467 995 2533 verbis:
1032 2467 1099 2534 Uoc·
1127 2504 1168 2514 —
1193 2469 1328 2534 adiuuat

209 2572 252 2656 (v.
279 2573 366 2651 304),
402 2571 533 2638 Toxilus
566 2574 687 2639 amicae
710 2595 786 2638 suae
810 2573 943 2638 allatum
966 2575 1054 2639 velit.
1101 2573 1204 2651 Quom
1227 2576 1326 2662 igitur

209 2681 314 2745 dicere
350 2681 520 2764 potuisset:
563 2679 630 2746 Uoc·
650 2701 683 2744 se
705 2679 842 2762 adiuvet,
874 2679 922 2745 ibc'
943 2679 1066 2766 (ollam)
1088 2702 1138 2748 mc
1160 2682 1325 2765 adiuvare,

210 2786 387 2852 absolutam
424 2787 555 2853 formam
592 2787 747 2867 adhibuit,
784 2788 945 2853 confidens
980 2789 1076 2853 etiam
1110 2790 1157 2854 sic
1186 2790 1324 2874 puellam

209 2892 289 2959 haec
312 2894 412 2959 verba
436 2916 504 2958 esse
528 2894 713 2960 relaturam.

217 2984 219 2988 ¹
315 3002 370 3065 Sin
396 3004 502 3065 autem
529 3024 560 3065 re
584 3024 659 3066 vera
683 3002 821 3086 pendere
846 3002 932 3067 dicas
963 3003 1138 3068 sententias
1164 3004 1324 3080 relativas,

209 3094 247 3172 ca
270 3108 449 3192 accipiendi
473 3108 555 3173 ratio
579 3108 761 3173 defenditur
784 3109 915 3194 reliquis
939 3111 1093 3195 exemplis
1117 3132 1199 3195 quae
1223 3113 1310 3176 sunt:

313 3230 521 3298 Universales
544 3238 624 3298 sent.
649 3234 818 3300 relativae:

209 3347 278 3412 Mil.
306 3348 400 3414 1070.
424 3345 537 3425 Dic¹)
560 3369 609 3412 me
631 3347 705 3431 [hc]
729 3348 837 3414 omnia
860 3352 961 3431 quae
982 3350 1069 3416 uolt
1087 3351 1261 3433 facturum.

207 3455 256 3518 cfr
279 3455 359 3519 coni.
384 3457 457 3538 post
480 3454 532 3520 dic
554 3456 587 3520 in
611 3454 705 3523 Truc.
729 3457 804 3522 589.

207 3561 275 3626 Mil.
301 3562 375 3627 974.
425 3561 512 3642 Quin
534 3568 568 3627 tu
590 3562 683 3627 illam
705 3562 797 3628 tabe
820 3564 878 3628 aba
899 3570 927 3628 tc
950 3563 1039 3630 abire
1061 3585 1134 3646 qao
1162 3565 1280 3631 lubet.

489 3666 552 3754 [sic
576 3666 685 3747 DlFZ,
709 3671 793 3753 qaod
815 3669 900 3736 iudet
923 3669 1040 3757 B0D1]
1169 3660 1172 3665 ⁶

207 3775 256 3839 cfr
268 3776 349 3840 coni.
360 3775 430 3840 Mil.
443 3777 517 3842 981.
535 3777 613 3842 Iube
628 3814 672 3823 -
688 3779 817 3860 auferre
832 3814 875 3824 -
892 3779 949 3843 abs
964 3784 1079 3861 teque
1098 3779 1239 3855 lubeat
1252 3777 1319 3844 sur.

207 3881 293 3946 Men.
319 3883 382 3947 529
406 3907 436 3949 v.
460 3884 556 3951 iufra.

315 3988 539 4074 comparativa
562 3997 642 4058 sent:
667 3990 759 4075 capt.
785 3993 925 4058 737-8.

314 4183 333 4252 ¹)
360 4185 418 4238 Ofr.
447 4186 504 4239 Cic.
533 4187 614 4238 Tusc.
643 4188 665 4253 I,
693 4186 752 4240 101.
789 4185 846 4239 Dic
872 4202 921 4240 nos
949 4190 973 4239 te
999 4186 1042 4240 nic
1069 4186 1168 4241 vidisse
1197 4218 1228 4226 —
1257 4188 1318 4242 dum

205 4271 386 4341 obsequimur.
