3076 5190
686 552 854 616 ..44-

317 727 351 809 b)
397 749 478 811 quac
502 749 574 792 cum
598 729 746 794 universa
768 731 927 795 sententie
950 731 1078 814 penitus
1101 731 1294 799 cohaerent:

317 832 417 898 Indic.
442 835 577 919 perfecti
602 839 700 920 temp.
725 842 784 902 est.

212 939 267 1004 As.
295 942 369 1007 136.
423 940 560 1026 Ι696666
584 950 675 1028 atque
697 941 798 1007 inrita
822 965 883 1008 6666
906 943 1013 1008 omnia
1034 943 1185 1031 iatettiyo,

423 1048 510 1127 Quae
534 1049 605 1112 dedi
628 1056 656 1114 ct
678 1051 761 1134 qaod
783 1050 854 1145 6666
875 1049 947 1133 feci.

210 1152 288 1219 0166.
313 1156 388 1230 506,
413 1155 475 1219 661
501 1154 650 1238 (nuntio),
675 1154 771 1220 Poen.
799 1158 894 1223 1169.

316 1268 417 1335 Indic.
442 1272 664 1354 praesentiat.
690 1274 749 1335 est.

210 1376 327 1461 Amph.
338 1378 412 1442 839.
426 1376 497 1441 Noa
514 1399 566 1460 696
580 1376 672 1442 itiam
687 1377 733 1442 mi
748 1379 848 1443 dotem
863 1380 941 1445 duco
957 1402 1028 1463 6666,
1042 1401 1120 1467 quoe
1132 1382 1186 1446 dos
1198 1380 1331 1448 dicitur.

209 1482 279 1549 Ges.
305 1486 380 1549 220.
405 1507 434 1548 v.
459 1507 566 1568 snpra.

322 1591 397 1656 858.
422 1591 530 1677 Neque
561 1592 616 1655 hoc
639 1593 720 1676 qaod
743 1591 920 1657 relicuomst
942 1595 1013 1677 ptus
1038 1593 1179 1658 risaram
1203 1598 1332 1679 opinor.

208 1696 277 1761 Mil.
302 1698 377 1761 231.
422 1697 468 1761 Et
491 1697 612 1782 caolet]
635 1698 803 1782 impetrare
826 1698 959 1783 dioo[ra]
982 1700 1017 1765 id
1039 1702 1121 1786 quod
1138 1700 1232 1786 petis.

307 1804 449 1880 402-3,
481 1804 578 1869 Persa
602 1806 743 1882 510-1,

208 1911 277 1975 Mil.
302 1912 377 1978 617.
426 1910 512 1993 Quid
535 1919 577 1976 est
600 1913 682 1997 qaod
704 1912 848 1977 cruciat?

284 2021 379 2084 -21,
439 2019 451 2101 ΙΙ
470 2056 510 2064 -
535 2041 571 2083 66
594 2027 622 2084 te
643 2019 749 2102 facere
770 2017 927 2102 facinora,

424 2126 510 2207 Quae
544 2126 639 2201 istaec
672 2133 758 2190 aetas
784 2127 893 2211 facere
915 2128 1003 2208 facta
1025 2127 1128 2212 666966
1151 2149 1247 2213 qaam
1271 2151 1330 2194 sec·

527 2231 593 2296 tari
615 2233 698 2297 solet.

564 2339 625 2421 (me
647 2338 768 2405 6666666
781 2368 822 2393 =
835 2339 975 2421 crricior)

314 2474 344 2537 2.
378 2471 646 2556 comparativa
670 2474 836 2538 enuntiata
851 2474 918 2539 sive
934 2473 1134 2557 parenthesis
1149 2474 1220 2539 loco
1237 2479 1327 2541 sunt:

208 2578 282 2644 Aul.
305 2580 380 2658 815,
403 2578 455 2644 Ρ6.
483 2581 578 2646 1011.
602 2581 668 2645 sive
693 2581 733 2644 ad
756 2581 948 2645 sententiam
971 2582 1151 2646 necessaria
1173 2585 1248 2646 sunt
1271 2605 1330 2667 pe·

206 2687 287 2752 riodi
312 2687 469 2752 membre:

313 2790 413 2856 Indic.
438 2794 616 2876 praesentis
639 2797 662 2858 t..
687 2797 744 2859 666.

206 2899 325 2983 Amph.
344 2900 485 2980 516-7,
511 2901 585 2966 757.
609 2899 673 2964 scio
694 2899 790 2965 istaec
810 2901 898 2983 facta
920 2901 1054 2985 proinde
1076 2910 1111 2965 at
1133 2904 1312 2988 protothr.

206 3005 262 3071 As.
288 3006 362 3070 566.
444 3006 559 3070 Fateor
585 3043 622 3051 -
648 3014 688 3070 ut
705 3005 910 3091 praedicas
935 3045 975 3052 —
1000 3030 1062 3071 6666
1085 3030 1167 3072 acra.

206 3111 298 3196 Capi.
322 3112 398 3192 678,
422 3112 491 3177 Mil.
517 3114 591 3189 633,
617 3112 692 3178 780.
716 3112 802 3178 Men.
831 3114 925 3177 1130.
949 3113 1044 3179 Most.
1070 3115 1144 3179 735.

206 3219 303 3284 Mero.
329 3220 403 3284 470.
439 3220 583 3305 (Nanos)
607 3218 722 3283 Fuisse
746 3221 844 3300 credo,
863 3243 941 3303 prae
965 3228 999 3284 at
1022 3242 1081 3306 qao
1102 3228 1193 3305 pacto
1208 3244 1261 3306 ayo
1286 3260 1327 3270 —

415 3383 418 3389 .
525 3325 696 3392 distrahor.

206 3432 304 3497 Persa
328 3433 403 3496 213.
441 3433 555 3497 Fateor
579 3470 620 3478 —
643 3454 692 3497 me
715 3454 786 3512 6666,
810 3440 845 3496 ut
868 3434 949 3498 decet
973 3432 1092 3498 7666666
1114 3433 1272 3516 familiae.

205 3537 299 3605 Truc.
325 3540 399 3605 568.
441 3539 632 3605 Meretricem
656 3561 708 3624 eqo
731 3539 806 3604 item
830 3562 892 3604 6666
915 3562 995 3617 reor,
1019 3562 1106 3605 mare
1128 3550 1164 3606 at
1187 3551 1240 3609 est.

205 3718 267 3802 Ep.
291 3718 366 3783 306.
441 3716 577 3782 Nullum
601 3739 663 3782 esso
686 3717 797 3802 opinor
820 3740 871 3802 eya
894 3740 1007 3802 aarum
1039 3756 1076 3764 —

441 3825 545 3909 Aeque
566 3825 712 3907 feracem,
738 3847 853 3911 qaam
876 3824 939 3889 iric
962 3834 1019 3889 cst
1042 3834 1154 3891 noster.

205 3929 283 3995 eise.
298 3932 437 4009 653-4,
451 3930 516 3996 cfr.
526 3954 557 4015 p.
567 3933 676 3996 42-3
690 3933 906 3997 coniunctivos
917 3933 949 3996 in
959 3932 1055 3998 Poen.
1065 3934 1130 3997 276
1139 3938 1171 3997 66
1181 3933 1237 3998 Α6.
1248 3937 1325 4002 435.

205 4037 322 4104 Bacch.
334 4036 513 4104 chsca
536 4037 686 4122 spiritam
709 4038 776 4103 eius
798 4039 949 4103 maiorem
972 4062 1034 4104 esse
1056 4042 1154 4104 mutto

434 4146 544 4232 ῥ06666
566 4146 656 4226 folles
680 4144 804 4209 taaririi
826 4145 974 4227 actitaret,
999 4169 1089 4233 quom
1113 4146 1287 4237 liquescunt

440 4251 563 4333 Petrae,
587 4252 712 4335 ferram
736 4251 790 4316 abi
810 4252 856 4335 fit.
