3076 5190
671 574 866 644 ..134-

207 781 291 843 quae
325 760 473 842 exempla
507 758 585 823 mihi
614 757 709 821 simul
733 757 881 820 videntur
905 755 1051 819 refellere
1077 752 1327 839 argumentatio·

208 888 280 930 uem
316 866 475 931 Lorenzii:
516 864 623 945 „nicht
647 863 831 928 Attralrtiou
861 864 916 926 des
940 862 1061 936 Modus,
1089 862 1132 925 da
1156 863 1218 925 der
1240 860 1325 924 Rela-

206 973 321 1036 tivseta
345 973 541 1056 συνυφὴν.

314 1079 374 1143 Sed
409 1101 512 1163 neque
537 1077 703 1141 diiudicari
729 1080 834 1159 potest
857 1098 959 1159 neque
982 1099 1060 1159 opus
1085 1081 1136 1139 est
1160 1076 1323 1159 inquirere,

207 1190 313 1250 utrum
348 1208 423 1250 vere
460 1186 586 1250 infinita
619 1184 736 1267 ubique
759 1184 802 1247 sit
824 1184 982 1247 sententia
1006 1183 1199 1247 secundaria
1224 1204 1322 1245 necue.

206 1290 290 1356 Nam
327 1293 563 1357 coniunctivum
598 1291 775 1374 reperimus
811 1312 848 1353 ex
885 1290 1072 1354 attractione
1108 1291 1230 1372 passim
1255 1289 1321 1353 oriri

207 1399 304 1463 etiam
343 1400 376 1463 iu
418 1400 457 1462 iis
499 1398 675 1474 sententiis,
712 1419 794 1480 quae
829 1398 867 1460 ad
900 1397 1041 1480 singulas
1076 1400 1249 1480 certasque
1282 1418 1323 1459 res

207 1512 262 1570 cut
298 1528 447 1589 personas
482 1505 567 1569 haud
603 1505 697 1569 dubie
730 1506 886 1587 spectant.
933 1502 1028 1568 Cuius
1052 1504 1251 1567 coniunctivi
1274 1525 1321 1565 ex·

207 1612 339 1695 plicatio
364 1616 476 1695 aperta
499 1616 558 1684 est,
582 1612 619 1683 si,
643 1613 718 1673 item
744 1615 779 1674 ut
803 1611 886 1693 apud
911 1609 1133 1694 hypotheticos
1158 1611 1322 1674 coniuncti·

206 1740 262 1783 vos
286 1741 382 1803 supra
406 1718 550 1796 fecimus,
582 1717 620 1781 ad
647 1718 873 1800 paratecticem
899 1717 1098 1780 iunctionem-
1116 1718 1321 1798 regredimur,

207 1847 302 1908 quam
327 1825 386 1887 hoc
411 1824 572 1889 Ciceronis
596 1824 742 1906 exemplo
767 1822 843 1885 mihi
869 1823 964 1886 liceat
991 1823 1169 1916 illustrare:

207 1957 272 2022 Cic.
297 1957 366 2023 cat.
391 1954 433 2032 ΙΙ,
459 1957 489 2035 8,
515 1957 566 2021 18.
595 1956 640 2019 Tu
668 1992 706 2000 -
731 1956 821 2019 rebus
844 1954 985 2018 omnine
1012 1963 1145 2019 orientes
1171 1993 1210 2001 —
1237 1955 1323 2018 sicet

206 2063 326 2128 dubites
349 2065 385 2127 de
406 2062 597 2147 possessione
620 2062 807 2125 detrahere?

313 2195 396 2272 Quid
420 2198 504 2261 enim
529 2197 616 2260 aliud
640 2196 699 2260 hoc
724 2203 772 2260 est
795 2219 906 2279 quam:

501 2320 571 2383 Tun
595 2319 715 2383 dubites
738 2320 792 2404 qui-
815 2330 945 2384 ornotus
968 2320 1038 2383 sis?

207 2454 300 2536 quale
325 2457 373 2516 est
396 2452 454 2517 hoc
479 2476 528 2517 ex.
554 2452 752 2517 Plautinum:

207 2567 275 2630 Mil.
301 2567 376 2631 497.
425 2568 507 2630 'l'eu
532 2578 559 2632 te
582 2566 790 2653 expur<i>pes
812 2567 934 2650 [irrite]

421 2674 491 2752 Qui
513 2674 642 2755 focinus·
665 2683 786 2738 tardum
811 2685 933 2759 tetroque
955 2675 1122 2759 indiprmm
1145 2677 1311 2758 seceris?

590 2779 727 2864 [tuntum
753 2783 794 2860 A,
818 2790 881 2845 tom
905 2781 949 2865 B]

312 2903 386 2970 Non
412 2907 514 2989 magis
539 2907 652 2969 mirum
676 2907 848 2985 igiturest
872 2908 1106 2971 coniunctivum
1130 2913 1236 2974 ortum
1261 2930 1326 2972 esse

206 3013 238 3074 in
263 3012 323 3075 hac
348 3012 480 3076 definita
503 3013 678 3077 sententia:

206 3135 274 3199 Mil.
299 3137 375 3201 426.
421 3134 505 3214 Quin
529 3158 581 3220 epo
604 3137 672 3199 hoc
695 3159 796 3221 ropem
820 3140 921 3223 quod
944 3137 1149 3202 nescium?

318 3243 338 3303 i.
363 3263 391 3306 e.
416 3241 485 3305 Hoc
508 3263 560 3326 epo
583 3242 717 3306 nesciam
742 3245 796 3307 sed
818 3266 878 3306 reon
903 3245 1030 3327 copem?

206 3385 302 3447 quam
325 3365 358 3428 in
383 3365 442 3429 hac
466 3366 606 3431 infinite:

206 3487 289 3553 Rud.
317 3489 411 3552 1244.
441 3488 550 3573 Epope
584 3499 618 3554 ut
650 3492 754 3577 qood
786 3493 829 3555 od
863 3514 909 3555 me
941 3494 1075 3556 odotem
1102 3514 1166 3577 esse
1189 3494 1327 3558 alienum

548 3596 672 3661 sciam
702 3598 829 3663 Oelem?

344 3704 363 3765 i.
390 3725 417 3766 e.
443 3703 547 3787 lt'poue
572 3712 605 3766 ct
631 3741 670 3750 -
695 3705 792 3768 seiam
815 3707 870 3771 sed
893 3708 1009 3770 celem?

312 3824 384 3889 Non
410 3828 574 3891 obscurior
598 3833 646 3891 est
669 3829 863 3894 coniunctivi
888 3831 969 3895 ratio
993 3832 1025 3894 in

205 3949 266 4032 Ep.
291 3950 366 4014 588,
419 3950 491 4013 Non
526 3942 646 4035 patrem
681 3975 733 4037 epo
768 3963 795 4018 te
830 3953 994 4034 leominem,
1022 3955 1086 4019 obi
1110 3964 1144 4019 tu
1169 3966 1257 4021 tuem
1282 3980 1327 4021 me

548 4061 731 4142 appelles
753 4059 881 4141 filium?

205 4161 226 4224 i.
251 4183 278 4224 e.
303 4183 364 4224 noe
398 4170 520 4244 putrem
554 4185 606 4246 epo
641 4173 668 4227 te
701 4164 868 4243 nominem,
904 4176 937 4230 tu
972 4189 1019 4231 me
1046 4171 1180 4251 appelles
1203 4170 1330 4252 filium?

210 4265 269 4344 ¹‚du
293 4266 383 4330 sollst
407 4267 490 4331 mich
515 4267 661 4346 Toehter‚
690 4273 740 4334 ioh
766 4272 855 4337 nicht
879 4273 950 4336 diclr
976 4273 1077 4337 Vater
1102 4297 1229 4340 neuneu
1254 4279 1327 4341 dnr-
