3076 5190
670 603 866 668 -177-

206 777 271 842 suit
294 777 372 843 Brix
395 775 476 844 Nos.
502 777 620 844 Annal.
643 780 705 844 vol.
731 778 819 846 CXV
842 804 872 865 p.
898 782 962 846 329
985 785 1140 866 probante
1163 781 1329 869 Ussingn,

207 883 339 950 Goetzio
374 886 490 968 (1887)
525 888 565 951 ad
600 887 744 951 futurum
767 890 894 971 tempus
918 911 985 965 rem
1007 890 1108 954 refert
1121 888 1332 976 =qnid1nid

206 1012 378 1058 inueniam.

314 1114 396 1180 Prae
431 1117 624 1200 explicativa
659 1116 786 1181 notione
818 1117 944 1181 infinita
967 1119 1054 1181 notio
1078 1119 1200 1183 recedit
1223 1121 1256 1184 in
1279 1119 1330 1184 his

207 1226 298 1300 sent„
324 1245 407 1306 quae
431 1225 471 1288 ad
489 1224 696 1309 'substantiva
719 1247 753 1288 se
778 1224 957 1308 applicant:

207 1345 293 1411 Tria.
320 1347 395 1412 653.
420 1369 457 1412 ne
480 1350 606 1412 omnino
628 1346 771 1432 inopium

422 1453 531 1520 Cives
542 1454 692 1518 obiecture
700 1454 822 1538 possint
836 1453 893 1519 nti
905 1477 995 1540 quoe
1008 1464 1041 1520 tn
1053 1455 1198 1520 inimicos
1210 1456 1328 1522 nabes.

208 1559 291 1624 Rud.
317 1561 392 1625 618.
430 1561 601 1642 Vindicate,
626 1583 664 1624 ne
685 1559 858 1647 impiorum
876 1560 983 1646 potior·
1005 1561 1047 1626 sit
1066 1561 1218 1646 pollentio

424 1666 527 1748 Quam
550 1667 802 1748 innocentum,
831 1671 894 1753 qni
917 1690 948 1732 se
971 1669 1080 1732 scelere
1101 1667 1174 1750 fieri
1196 1671 1330 1734 nolunt

528 1773 655 1839 nobiles.

314 1879 344 1943 A
380 1880 564 1964 parenthesi
598 1904 662 1945 non
686 1881 782 1966 longe
807 1882 905 1945 distat
927 1883 1086 1946 sententia
1108 1882 1165 1946 illa
1188 1882 1330 1968 quisquis

206 1993 250 2050 est
273 1988 344 2067 (es),
371 1987 426 2051 ubi
450 1992 572 2051 certum
593 1988 764 2062 hominem,
781 2010 975 2071 quamquam
998 1989 1154 2073 ignotum,
1172 1990 1329 2074 designat.

207 2092 326 2176 Amph.
347 2095 443 2159 1075.
467 2094 527 2158 Ibo
550 2102 585 2158 ut
608 2115 787 2178 copnoseam
811 2093 953 2179 quiaquia
976 2103 1028 2159 est.

207 2199 260 2263 Ps.
285 2201 359 2266 924.
422 2199 527 2283 (sunit
550 2199 708 2285 Iuppiter)
739 2201 778 2263 (n
800 2199 856 2264 ille
875 2202 985 2284 palam
1007 2200 1120 2266 itidem
1144 2199 1298 2286 ud<s>iet,

425 2306 576 2392 Quisquis
599 2307 683 2370 illest
705 2306 761 2391 qni
785 2309 871 2371 adest
894 2330 913 2371 o
936 2307 1045 2372 milite.

206 2411 290 2478 Rud.
317 2414 392 2480 256.

314 2574 344 2637 4.
392 2571 618 2658 comparativa
642 2575 811 2639 sententia.

207 2694 301 2780 Oapt.
323 2698 397 2762 737.
422 2699 525 2783 Atque
547 2699 630 2762 tnnc
652 2719 700 2761 me
722 2699 797 2762 nelle
819 2697 913 2762 dieite
934 2697 983 2761 itu
1006 2698 1150 2763 enrurier

421 2803 528 2889 Nequi
550 2805 686 2869 deterius
709 2803 782 2868 huie
805 2803 847 2869 eit
870 2826 978 2889 qnam
1006 2804 1095 2891 quoi
1113 2815 1328 2890 perennent.

207 2922 404 2993 Indioativus
439 2927 522 2993 hane
557 2930 747 2993 sententiam
781 2930 814 2993 in
838 2930 1000 3013 praesenti
1024 2934 1165 3014 tempore
1190 2932 1329 3011 detinet;

207 3034 429 3100 eoniunotivus
453 3036 493 3099 ad
517 3037 659 3120 regentis
682 3036 859 3100 sententiae
883 3039 1010 3119 tempus
1034 3037 1055 3099 i.
1079 3059 1106 3099 e.
1124 3038 1162 3101 ad
1187 3038 1330 3103 futurum

207 3144 334 3223 tempus
358 3164 425 3205 rem
449 3142 594 3206 referret.

315 3301 344 3365 5.
403 3298 708 3387 Interrogativerum
754 3303 1009 3367 enuntiationum
1055 3304 1088 3366 in
1127 3304 1327 3369 coniunctivo

206 3408 374 3472 tractando
408 3409 565 3472 rationem
593 3409 659 3472 fere
693 3431 753 3472 non
785 3408 893 3488 habui,
918 3410 994 3493 quia
1017 3411 1253 3474 coniunctirum
1278 3411 1328 3474 in·

206 3515 437 3599 terrogativum
467 3520 499 3579 et
527 3515 737 3580 assimilatum
762 3538 823 3581 non
847 3516 924 3580 licet
947 3517 1138 3582 discernere.
1166 3553 1203 3562 »-
1230 3516 1329 3581 Prae-

207 3621 306 3685 sentis
329 3622 458 3705 quidem
482 3622 689 3687 indicativum
715 3621 891 3706 reporimus
916 3645 977 3686 non
1001 3623 1170 3686 assimilari
1195 3624 1228 3686 in

206 3742 258 3810 Ps.
284 3746 370 3811 696⁸.
416 3745 452 3810 id
474 3755 508 3810 tn
530 3748 619 3810 modo
642 3769 689 3810 me
711 3746 790 3833 qnid
811 3746 858 3811 nis
881 3748 985 3828 faeere
1007 3747 1062 3828 fue
1084 3745 1191 3811 seiam.

477 3851 548 3936 [fao
570 3853 666 3917 seium
692 3853 761 3932 ΑΒ,
785 3852 905 3936 faciant
929 3851 1061 3938 reliqui]

208 3955 301 4042 [696⁰
325 3959 432 4024 omnio
458 3997 496 4005 —
523 3969 557 4024 tn
586 3962 676 4024 modo
703 3962 849 4046 quidne
872 3961 975 4042 facere
998 3959 1045 4023 vis
1065 3960 1121 4039 fae
1143 3967 1179 4023 nt
1201 3959 1328 4044 seiam]

314 4085 373 4149 Sed
397 4107 500 4169 neque
525 4085 685 4150 absolutas
709 4089 742 4149 et
764 4086 940 4169 pendentes
957 4084 1224 4169 interrogationes
1251 4084 1329 4147 satis

206 4191 283 4255 lieet
319 4192 515 4277 distinguere
547 4190 598 4270 (In
622 4193 667 4255 st.
695 4192 824 4255 lot-6
849 4195 881 4255 et
905 4189 987 4255 [tud.
1016 4192 1100 4254 1023
1124 4212 1196 4254 eum
1221 4190 1329 4254 Leone

208 4299 416 4388 interpungo:
453 4297 591 4385 oportet?
617 4302 650 4362 et
678 4335 714 4343 —
738 4298 797 4381 fur
819 4297 926 4381 sum?)
950 4319 1052 4382 neque
1077 4296 1224 4361 definitas
1247 4299 1328 4361 sent.

1187 4412 1243 4475 12v
