3076 5190
671 551 865 614 -142-

313 731 344 795 2.
391 727 427 793 In
460 729 683 812 temporali
715 731 794 792 sent.
821 729 952 799 definita
975 734 1049 813 past
1073 731 1155 794 dum
1180 731 1248 794 sine
1269 730 1323 796 ulls

206 837 408 901 adversativa
431 837 477 901 vi:

207 960 300 1026 Most.
322 963 417 1025 1017.
442 961 563 1025 Mecum
587 969 621 1024 ut
644 962 697 1024 uu
720 961 769 1024 1111
790 963 927 1044 auserit,

443 1068 542 1157 Itum
565 1075 599 1131 tu
622 1070 695 1131 teiuc
718 1067 825 1146 ades,
850 1068 976 1152 nenati?

206 1180 238 1237 et
273 1175 305 1237 in
340 1175 476 1251 infinita,
512 1197 592 1258 quae
629 1175 719 1258 quasi
750 1175 853 1239 libera
877 1175 1053 1239 antecedit:
1089 1174 1194 1239 Persa
1219 1176 1280 1241 638
1301 1198 1324 1240 v.

206 1303 312 1365 supra.

313 1443 342 1504 3.
392 1439 428 1504 In
452 1421 670 1525 camparativa
693 1442 853 1504 sententia
877 1441 1022 1505 definita:
1100 1467 1103 1471 ·

207 1565 275 1628 Mil.
310 1567 385 1629 615.
421 1566 498 1644 Quis
521 1566 610 1628 harno
632 1569 673 1629 sit
696 1563 798 1649 mauis
822 1587 905 1629 rueres
928 1587 1044 1650 qrraru
1070 1563 1206 1651 <r>u’s.2

280 1670 354 1755 [scit
379 1672 405 1735 B
429 1672 483 1749 (eit
507 1696 548 1734 m.
574 1675 593 1735 2
618 1673 650 1736 in
675 1672 750 1754 ras),
774 1675 916 1756 quamuis
938 1679 974 1748 Β,
999 1694 1136 1757 quamus
1161 1671 1263 1758 CD¹.]

687 1824 845 1831 -—

315 1902 495 1966 Praesentis
520 1903 685 1966 indicativi
708 1904 824 1980 omnia,
853 1926 934 1987 quae
959 1903 1063 1980 attuli,
1089 1904 1243 1988 exempla
1266 1903 1336 1968 fue?

206 2014 281 2073 runt
315 2015 444 2094 praeter
479 2011 594 2075 Persae
631 2011 695 2074 638
732 2015 764 2074 11
794 2011 864 2075 Cas.
890 2010 952 2074 701
988 2010 1042 2074 ubi
1065 2010 1252 2094 perfectum
1275 2013 1324 2074 est.

296 2359 337 2439 β).
385 2356 438 2421 Im
447 2359 629 2443 perfecti
654 2360 734 2424 cani.
759 2361 864 2423 estin
887 2359 1040 2442 primaria
1064 2359 1246 2424 enuntiato,

314 2501 401 2565 Cani.
426 2502 678 2585 plusquamperf.
704 2508 752 2566 est
776 2504 808 2566 in
832 2503 1021 2567 secundaria
1044 2505 1126 2566 sent.

209 2625 325 2690 Bacch.
347 2628 418 2690 196.
447 2629 533 2710 [tuere
558 2637 601 2707 ut,
630 2630 732 2712 quart
754 2629 792 2690 ab
815 2625 928 2712 111κ1>
954 2629 1167 2711 attiqisset
1191 2627 1329 2697 auratius,

443 2735 514 2798 Noa
537 2734 741 2818 impetratum
765 2735 799 2797 id
820 2736 997 2798 aduenienti
1019 2736 1048 2796 ei
1070 2734 1262 2797 redderem?

206 2867 261 2950 qui
285 2867 356 2932 coni
392 2869 531 2931 eiusdem
557 2869 684 2953 generis
708 2872 875 2951 astatque
900 2868 933 2931 in
957 2866 1102 2950 exemplo
1127 2868 1215 2950 quod
1240 2890 1272 2951 p.
1289 2866 1327 2930 27

208 2975 318 3038 attuli:

207 3096 295 3162 Tria.
323 3100 395 3163 175.
427 3099 539 3162 Utrum
562 3098 704 3163 iudicare
727 3122 774 3162 me
795 3101 824 3162 11
847 3099 1049 3162 thensaurum
1073 3119 1206 3182 aequom
1231 3099 1297 3179 fuit

421 3206 600 3269 Advorsum
622 3227 717 3291 quara
741 3211 806 3270 eius
830 3228 876 3270 me
899 3206 1197 3290 opsecravisset
1219 3203 1334 3288 pater?

208 3339 258 3402 vel
282 3339 315 3401 in
341 3361 378 3402 eo
402 3341 486 3422 quod
512 3365 541 3423 p.
570 3342 629 3404 131
656 3341 796 3404 laudavi:

208 3461 325 3525 Bacch.
346 3462 420 3527 564.
446 3461 510 3526 uisi
533 3486 602 3526 curn
624 3463 684 3527 uu
707 3485 801 3548 quarn
825 3485 876 3547 191
900 3463 1151 3526 mandassem
1175 3460 1235 3524 tibi
1251 3461 1332 3526 Occi·

547 3593 636 3654 peres
661 3608 718 3634 —.

316 3704 422 3768 Etiam
458 3705 636 3788 praesentis
672 3705 751 3769 cani.
776 3704 867 3768 nobis
897 3703 1036 3790 occurrit
1058 3703 1090 3764 in
1115 3701 1177 3765 hac
1201 3723 1334 3767 conces·

208 3810 276 3875 siva
299 3815 395 3876 sent:

212 3935 279 3998 Mil.
306 3937 380 3999 962.
432 3936 506 4013 Van,
532 3957 622 4019 cyane
652 3944 685 3998 ut
709 3936 751 3997 111
774 3943 802 3998 11
824 3935 862 3997 ab
885 3934 1028 3997 libertina
1053 3953 1116 3995 esse
1139 3931 1331 4020 audere<rn)

529 4045 750 4118 internuntiae,
1141 4061 1144 4064 ⁴

426 4151 488 4236 Qui
521 4149 666 4234 irrucuuis
693 4152 771 4213 satis
795 4147 1023 4232 responsuram
1047 4169 1225 4232 nequeas,
1256 4170 1333 4241 quae

529 4253 704 4346 eupi<uu>t
727 4258 799 4320 tui?
