3076 5190
683 591 858 665 ..97-

317 771 416 840 cond.
441 780 523 840 sent.
548 779 722 866 praecedit.

211 881 266 945 As.
294 883 368 946 763.
424 890 452 946 et
474 881 566 968 Quo
589 882 716 948 inutilis

424 988 557 1054 Pictura
581 988 631 1070 sit,
657 1012 724 1055 eom
747 992 867 1055 vendat.

209 1095 284 1160 Aul.
311 1096 362 1160 99.
425 1104 516 1182 atque
539 1096 633 1161 ctiam
656 1098 711 1161 hoc
729 1096 879 1182 praedico
903 1096 975 1161 tibi:

423 1201 465 1268 Si
488 1203 579 1267 Bono
603 1203 750 1268 Fortuna
773 1203 917 1285 veniat,
945 1226 983 1269 ne
1005 1203 1224 1269 intromiseris.

286 1309 360 1372 591.
422 1308 490 1372 Sia
514 1310 705 1385 dormitet,
735 1309 782 1374 ito
806 1310 950 1375 dormitet
973 1332 1091 1375 servom
1114 1332 1145 1376 se
1170 1310 1276 1397 <cs>sc
1297 1319 1333 1377 ut

529 1415 647 1500 coqitet.

501 1552 506 1560 ·
611 1522 675 1607 [ito
698 1525 848 1588 dormitat
871 1522 930 1610 13¹]

208 1626 279 1692 Cas.
306 1628 379 1691 573.
421 1626 463 1693 Si
486 1636 592 1712 oeqct
615 1630 727 1708 odisse,
753 1628 969 1695 exanimatum
992 1629 1118 1694 omittat
1140 1632 1275 1695 domum.

209 1733 261 1798 Ps.
286 1735 362 1799 570.
424 1734 470 1800 Si
502 1734 539 1799 id
559 1736 664 1818 facere
687 1745 858 1821 nequeat,
883 1737 932 1802 dot
956 1738 1056 1801 iocum
1078 1735 1131 1800 ilii
1153 1737 1209 1823 qui
1231 1746 1332 1824 queat.

207 1840 302 1907 Truc.
320 1843 396 1907 233.
421 1843 527 1927 Aequo
551 1841 668 1922 ocimo,
701 1842 768 1927 ipsc
790 1841 824 1907 si
847 1841 903 1907 nil
926 1843 1071 1923 habeat,
1098 1842 1174 1908 aliis
1196 1844 1252 1930 qui
1275 1846 1331 1909 ho-

529 1949 596 2014 beot
619 1951 669 2014 dot
692 1951 802 2014 locum.

588 2054 655 2140 [det
677 2053 717 2133 A,
743 2056 814 2120 dent
837 2054 953 2139 ceteri]

208 2159 245 2224 In
270 2164 325 2224 As.
353 2163 520 2227 ranconi.
546 2163 734 2227 universalis
758 2161 789 2226 ΙΙ
814 2184 968 2246 personae
993 2166 1051 2226 esi.

317 2315 346 2378 b.
393 2312 533 2378 Perfecti
558 2313 776 2379 coniunctivae
801 2317 858 2377 est.

316 2446 413 2513 Cond.
437 2450 517 2511 sent.
543 2447 715 2530 praecedit.

316 2568 353 2634 In
377 2593 439 2635 uno
462 2574 587 2635 tantum
612 2570 759 2653 exemplo
782 2573 870 2632 certa
894 2569 996 2633 forma
1020 2572 1085 2634 est:

209 2676 283 2741 Aul.
310 2678 384 2741 747.
421 2677 561 2741 Nomai
584 2676 665 2741 istoc
686 2675 739 2740 ios
762 2685 815 2758 est,
842 2712 883 2722 -

422 2783 505 2847 Luci
527 2785 613 2848 claro
636 2782 832 2867 deripiamus
854 2806 913 2848 —z

422 2888 534 2953 Postid
567 2888 600 2952 si
630 2886 846 2974 pr<ch>eosi
872 2888 1000 2970 simus,
1025 2874 1202 2952 marcemus·
1232 2888 1332 2953 ebrios

423 2995 487 3059 Nos
518 2995 627 3078 fecisse
650 3031 708 3062 -.
733 2994 817 3080 [luce
839 2996 929 3059 claro
953 3017 1034 3059 corr.
1059 3018 1098 3059 ex
1122 2993 1246 3080 Nonio]

314 3101 351 3167 In
376 3103 491 3168 altero:

209 3210 264 3274 As.
291 3210 364 3274 785.
422 3208 497 3274 Post
519 3209 553 3274 si
577 3211 705 3274 lucerna
729 3207 895 3273 extincto
919 3208 979 3290 sit,
1006 3207 1122 3295 nequid
1144 3208 1196 3273 soi

422 3315 560 3381 Membri
583 3323 766 3380 commoveat
790 3352 847 3394 -‚

239 3421 327 3508 [post
348 3422 378 3487 si
400 3426 435 3499 B,
459 3431 527 3508 post
549 3422 586 3487 id
607 3423 637 3487 si
659 3423 757 3500 DEJ;
781 3421 917 3487 extincto
941 3430 985 3488 osi
1008 3421 1159 3501 Baros,
1183 3420 1242 3486 -sit
1264 3420 1306 3507 Z]

209 3548 272 3610 iam
295 3546 401 3611 hiatus
425 3549 565 3612 ostendit
587 3551 770 3631 corruptum
795 3569 864 3611 esse
888 3548 1096 3612 indicativum
1113 3547 1256 3612 codicum
1277 3556 1330 3631 est,

209 3675 301 3738 quem
338 3654 391 3718 vix
426 3676 466 3718 ne
501 3655 659 3718 sententia
694 3654 822 3738 quidem
858 3655 989 3738 patitur,
1017 3677 1098 3738 quae
1124 3654 1163 3719 ad
1188 3655 1330 3720 futurum

209 3762 334 3844 tempus
370 3764 504 3844 speciai.
550 3759 672 3846 Ussing
707 3761 844 3825 coniecit
883 3759 974 3843 eriis
997 3784 1080 3846 quae
1115 3762 1217 3826 forma
1254 3762 1331 3826 licei

211 3867 396 3950 temporalis
421 3867 578 3931 enuntiati
602 3868 748 3951 exemplo
772 3869 903 3951 probari
926 3868 1026 3952 possit
1051 3872 1099 3945 (ut
1122 3868 1240 3933 Bacch.
1254 3868 1330 3946 757)

209 3978 316 4037 tamen
341 3973 534 4038 coniunctivi
558 3974 667 4054 ceteri,
692 3974 746 4057 qui
770 3975 856 4038 intra
879 3973 963 4038 hunc
985 3974 1204 4059 syngraphum
1222 3974 1328 4039 751·-

210 4080 273 4145 807
298 4080 503 4164 reperiuntur
524 4081 613 4163 (764,
640 4080 693 4160 66,
718 4080 838 4158 76-7,
863 4080 937 4156 780,
964 4103 1043 4145 unus
1067 4081 1258 4147 indicativus
1283 4085 1331 4146 est

208 4188 297 4252 verbi
335 4187 482 4252 modalis:
518 4187 631 4251 iubebit
666 4189 742 4268 781,
778 4188 816 4252 de
851 4209 914 4271 quo
945 4187 1054 4270 infra),
1078 4191 1219 4271 arguunt
1242 4190 1274 4251 et
1297 4189 1342 4252 in>

207 4293 268 4358 hoc
302 4314 396 4358 versu
431 4295 660 4359 correctionem
688 4294 832 4360 Merulae
866 4291 908 4356 sit
940 4293 1184 4376 praeferendam
1206 4315 1275 4358 esse
1299 4299 1332 4359 et

1207 4417 1223 4470 7
