3076 5190
666 588 866 664 -161'-

205 766 382 841 cuiusmodi
417 775 610 839 indicativus
645 796 717 839 eum
740 774 846 839 nullus
871 779 986 847 exstet,
1010 776 1247 842 coniunctivum
1270 796 1330 862 par

206 887 255 948 est
278 883 424 966 accipere
449 883 545 946 etiam
569 882 603 945 in

206 990 275 1055 Mil.
311 990 386 1055 946.
420 987 555 1074 Nequid,
580 987 634 1053 ubi
656 987 746 1053 milea
768 987 894 1069 venerit,
919 988 1076 1054 tituletur.

208 1096 258 1160 Pa.
285 1097 360 1163 725.
422 1094 478 1182 qui
501 1096 626 1181 quande
643 1094 844 1180 principium
865 1095 1073 1179 prehenderit,

243 1244 247 1249 -
422 1200 526 1266 Porro
548 1223 608 1266 aua
630 1200 744 1265 uirtute
767 1209 878 1283 teneat,
901 1199 980 1287 quid
1001 1202 1159 1283 sefacere
1181 1211 1329 1287 oporteat.

207 1308 346 1395 Obliqua
369 1310 417 1374 vis
441 1309 566 1374 accedit
588 1309 622 1373 in
645 1307 738 1392 Capt.
761 1308 838 1373 473.

314 1443 389 1508 b’·⁸.
435 1441 501 1508 Ubi
536 1446 644 1507 autem
676 1442 862 1526 temporalis
897 1448 977 1507 sent.
1003 1444 1129 1527 regenti
1152 1445 1329 1509 sententiae

207 1556 263 1615 aut
286 1550 467 1634 anteposita
490 1554 546 1614 aut
568 1549 744 1634 postposita
767 1554 826 1629 est,
850 1550 1085 1615 coniunctivum
1102 1549 1238 1635 perfecti
1254 1572 1330 1614 uue-

207 1680 303 1742 quam
339 1657 414 1739 (niai
447 1661 519 1740 post
547 1655 736 1741 priusquam
760 1656 876 1721 Bacch.
903 1656 966 1721 175
990 1680 1019 1721 v.
1044 1679 1075 1740 p.
1101 1657 1331 1739 92-93),i11-

208 1764 381 1830 dicativum
406 1764 505 1828 futuri
529 1765 633 1827 exacti
657 1764 743 1828 infra
765 1765 875 1827 novies
900 1765 1104 1847 reperiemus.
1142 1763 1247 1840 Quare
1263 1766 1329 1828 iud.

207 1872 429 1957 agnoscendus
453 1876 501 1934 est
525 1871 621 1934 etiam
646 1872 678 1934 in
702 1869 747 1935 St.
774 1871 848 1948 5943
872 1870 988 1935 Bacch.
1006 1871 1060 1947 45,
1078 1870 1170 1955 Oapt.
1187 1872 1331 1950 434-5,

208 1978 294 2043 uon.
330 1978 407 2057 543,
442 1977 510 2041 uu.
549 1979 645 2054 1234,
682 1976 731 2041 rs.
764 1978 840 2043 660.
887 1977 936 2041 ue
960 1977 1053 2042 Moe.
1080 1977 1210 2042 147--8
1234 2000 1331 2062 supra
1465 1948 1471 1963 '

207 2107 238 2168 p.
265 2085 329 2150 160
353 2107 404 2149 au.

315 2234 346 2300 4.
393 2235 711 2319 comparativae
742 2236 930 2300 sententiae.
1049 2252 1052 2257 ’

305 2379 344 2434 a.
392 2338 574 2434 Praesentis
599 2370 679 2435 coni.
704 2374 763 2449 est,
791 2370 846 2454 qui
870 2370 909 2434 ad
935 2370 1076 2433 futurum
1100 2373 1227 2454 tempus
1250 2370 1333 2435 sieut

207 2478 290 2542 doni.
315 2498 430 2561 regens
453 2477 605 2560 pertinet.

315 2611 354 2675 a¹.
403 2609 542 2694 Regenti
567 2610 746 2674 sententiae
769 2609 939 2676 interiecta
962 2613 1011 2673 eat
1034 2631 1135 2693 comp.
1160 2613 1241 2675 aaut.

207 2734 301 2819 Gapt.
322 2735 397 2800 343.
422 2732 565 2814 (misero)
604 2731 676 2814 Qui,
702 2740 758 2796 tua
782 2754 861 2818 quae
885 2740 919 2797 lu
940 2731 1074 2796 iusseris
1096 2734 1248 2797 mandatu
1272 2732 1332 2798 ite

529 2847 571 2903 ul
593 2841 694 2904 velia
714 2840 864 2923 perferat.

324 2949 399 3012 448.
425 2946 593 3031 Numquid
615 2945 757 3028 alludit!
780 2946 819 3009 Ut
854 2967 968 3031 quam
999 2945 1174 3030 primum
1198 2947 1333 3030 poesia

531 3054 648 3117 redeas.

208 3161 296 3226 Trin.
322 3162 375 3227 42.
422 3160 614 3241 (Venerare)
641 3160 739 3245 Teque
762 3168 907 3245 utquam
924 3162 1066 3244 primum
1079 3159 1194 3245 possim
1212 3160 1333 3225 uideam

529 3274 711 3330 eruerluum.
758 3265 815 3331 cfr
838 3290 869 3351 p.
894 3268 946 3331 93.

316 3401 355 3466 a'.
403 3402 552 3486 Sequitur
575 3422 678 3484 comp.
702 3404 783 3464 sent.

208 3524 304 3590 True.
329 3526 383 3590 95.
422 3526 582 3589 adeereute
605 3523 702 3602 aeddi,

422 3631 541 3717 Nequia
561 3632 711 3695 adeeulor
723 3629 853 3715 pravior
868 3630 990 3693 abaetat
1012 3650 1121 3715 quum
1145 3631 1331 3695 adueniat.
1375 3711 1379 3720 Ι

318 3766 358 3831 b¹.
405 3764 546 3829 Perfeeti
581 3765 800 3830 coniunctivus
837 3765 876 3829 ad
901 3765 984 3828 idem
1018 3765 1226 3847 praeteritum
1251 3769 1333 3829 tem·

208 3894 270 3956 pus
292 3879 441 3956 apeetaus
465 3873 498 3936 iu
521 3876 657 3955 utraque
681 3875 761 3936 seut.
787 3871 893 3935 estin

209 3978 304 4044 Meet.
322 3979 397 4044 966.
431 3978 506 4042 Vide
523 3978 579 4059 eia,
597 3998 636 4042 ue
654 3979 794 4060 forteal
807 3978 986 4041 merendam
1002 3976 1148 4061 quopiam
1165 3977 1335 4042 devorteris

423 4084 527 4169 Atque
549 4084 594 4148 ibi
616 4086 753 4168 amplius
773 4085 795 4166 †
815 4104 925 4169 quum
948 4085 1046 4146 aetla
1068 4082 1189 4163 fuerit
1213 4084 1333 4148 biberis.

210 4191 374 4278 [quopiam
398 4192 439 4270 A,
462 4191 583 4276 copiam
607 4190 643 4270 P;
667 4192 806 4275 emplius
829 4191 870 4271 A,
893 4188 1006 4254 melius
1029 4187 1081 4253 eui
1094 4188 1127 4266 P,
1155 4190 1335 4254 meliuscule

491 4297 627 4378 (lamen,
651 4299 856 4382 ampliuscule
878 4298 958 4361 scite
982 4295 1064 4380 Leo]

1194 4420 1227 4472 11
