3076 5190
682 553 855 631 ..50-

362 840 424 917 111.
472 849 577 919 Futuri
601 851 748 931 temporis
772 855 820 916 est
842 852 965 917 verbum
990 851 1181 931 primarium.

234 1014 236 1018 ⁴
317 993 489 1078 Obliquum
525 994 758 1059 coniunctivum
790 995 940 1077 quoniam
964 993 1030 1059 dixi
1054 995 1236 1059 necessario
1261 1017 1335 1060 esse

210 1102 435 1186 usurpandum,
472 1101 498 1165 si
533 1123 596 1184 qua
630 1101 661 1164 in
698 1101 842 1165 oratione
876 1101 1037 1165 reddenda
1063 1100 1219 1185 temporis
1243 1102 1333 1167 ratio

210 1212 332 1274 mutata
366 1212 458 1284 esset,
495 1212 724 1292 exspectamus,
760 1210 796 1271 ut
819 1229 919 1290 aeque
943 1208 1075 1272 affectos
1098 1208 1209 1272 modos
1234 1230 1334 1292 repe-

209 1318 337 1397 riamus,
372 1316 428 1381 ubi
457 1316 527 1398 quis
551 1318 669 1394 narret,
693 1337 774 1399 quae
804 1318 873 1398 post
900 1315 1042 1379 dicturus
1069 1315 1121 1394 sit,
1149 1337 1247 1399 quam
1273 1316 1333 1381 ubi

209 1446 290 1509 quae
314 1424 378 1488 iam
402 1423 519 1487 dixerit
542 1425 688 1506 exponat.

315 1529 417 1606 Quam
452 1551 541 1613 spem
577 1529 689 1593 fallere
714 1529 861 1593 videntur
888 1529 1034 1612 exempla
1057 1528 1219 1606 Plautina,
1243 1550 1332 1612 quae

208 1637 483 1702 indicativum
507 1639 645 1700 servant.

208 1753 307 1820 Mero.
322 1753 396 1818 797.
420 1751 480 1816 Ibo
508 1753 551 1815 od
582 1751 690 1834 forum
713 1759 804 1836 utque
826 1751 899 1815 hoec
923 1749 1112 1836 Demiphoni
1145 1750 1333 1836 eloquor,

421 1859 478 1924 Me
499 1858 602 1923 istane
624 1857 737 1942 eopitto
755 1865 994 1942 protracturum
1017 1879 1079 1922 esse
1100 1855 1135 1920 in
1159 1855 1254 1938 mom,

421 1963 519 2030 Nisi
541 1963 614 2028 himo
637 1964 801 2029 obducit
824 1986 884 2050 quo
906 1966 967 2028 oott
989 1985 1026 2028 eo
1048 1963 1130 2028 hisce
1153 1963 1294 2029 oedibus.

208 2073 277 2138 Mil.
301 2074 377 2139 239.
420 2071 563 2136 Dicam
585 2070 716 2136 Athenis
734 2070 893 2136 aduenisse
908 2093 978 2135 eom
993 2079 1131 2135 omotore
1147 2068 1254 2155 atiquo
1271 2092 1332 2135 suo

424 2180 502 2243 Tam
524 2177 659 2243 similem
682 2200 796 2264 qoam
819 2175 958 2263 too<te>
983 2177 1138 2244 tootist.

361 2285 440 2371 [tom
465 2291 572 2372 (quom
597 2288 646 2349 too
669 2282 725 2368 ΒΞ)
749 2287 852 2349 tantist
875 2284 971 2366 BCD,
995 2286 1073 2350 toote
1095 2283 1164 2369 FZ]

208 2393 303 2459 Most.
329 2394 381 2459 95.
417 2393 468 2457 Ex
491 2392 548 2459 As.
573 2394 648 2459 913.
682 2391 813 2456 uoluerit
846 2393 892 2456 nii
927 2393 1072 2457 concludi
1096 2396 1209 2477 potest.
1260 2393 1328 2459 cfr.

208 2499 299 2584 Capi.
323 2502 397 2566 920.
423 2498 548 2582 Dicam,
576 2506 611 2562 ut
638 2539 671 2548 -
699 2500 838 2578 adornet,
862 2497 1013 2584 siquidem
1037 2521 1100 2564 sese
1122 2497 1172 2563 uti
1193 2502 1280 2565 votet.

314 2623 399 2689 Nam
435 2628 505 2707 post
534 2624 691 2689 sentiendi
726 2625 857 2688 verbum
892 2624 1031 2688 futurale
1061 2623 1224 2707 obliquum
1251 2647 1329 2690 con·

207 2731 382 2797 iunctivum
407 2730 534 2794 difficile
560 2733 608 2794 est
631 2730 790 2814 cogitare:

207 2855 305 2920 Mero.
321 2856 417 2920 1017.
442 2856 552 2919 Annos
572 2862 687 2939 pontus
709 2853 872 2938 seooqinto
895 2855 963 2940 qni
995 2853 1074 2919 erit
1101 2853 1243 2940 siquem
1266 2853 1328 2920 soi·

549 2961 649 3027 mmos
672 2998 713 3007 —
732 2960 910 3042 mortemer,
932 2961 1050 3048 [querit
1066 2963 1102 3040 B,
1119 2961 1250 3049 quierit
1266 2961 1326 3047 Ι)].

207 3071 301 3137 Most.
327 3069 402 3150 175,
426 3068 525 3134 Persa
548 3070 689 3150 400-1,
715 3068 766 3134 Ps.
791 3070 932 3136 553-4.

314 3186 376 3251 Sed
411 3189 634 3270 praeterquam
669 3186 753 3271 quod
789 3187 822 3250 iu
853 3187 1071 3270 comparativa
1094 3187 1252 3251 sententia
1277 3191 1328 3251 est

206 3293 398 3358 indicativus
421 3293 454 3357 in
478 3292 546 3357 Mil.
564 3294 628 3358 239
653 3298 685 3357 et
708 3293 802 3358 Most.
822 3289 902 3375 951)
926 3329 969 3338 -
992 3315 1032 3357 ne
1055 3294 1088 3357 in
1113 3293 1326 3358 condicionali

206 3400 335 3484 quidem
372 3400 530 3465 sententia
564 3399 663 3464 Mero.
695 3400 757 3464 797
792 3403 840 3463 est
874 3401 957 3483 quod
992 3401 1228 3465 coniunctivum
1264 3402 1326 3464 mi-

207 3529 326 3571 remur.
374 3506 482 3571 Facile
516 3507 598 3571 euim
634 3508 680 3582 fit,
710 3510 746 3571 ut
779 3507 850 3590 quis
884 3529 1076 3591 quamquam
1111 3507 1218 3571 futuro
1241 3511 1325 3571 tem-

207 3635 283 3698 pore
308 3614 397 3679 verbi
422 3614 547 3678 dicendi
570 3617 663 3678 utens
690 3636 728 3678 ea
749 3617 874 3678 tantum
898 3615 1074 3699 eloquatur,
1111 3637 1211 3698 quae
1246 3615 1324 3679 iam

206 3721 375 3787 sentiat.
421 3718 467 3786 Ut
501 3721 528 3784 si
562 3720 595 3785 iu
630 3720 728 3786 Mero.
754 3722 816 3786 797
842 3722 978 3807 cogites:
1013 3723 1141 3806 eloquor
1165 3719 1221 3806 <id
1242 3723 1326 3807 quod

205 3825 336 3893 sentio
358 3827 410 3892 vel
432 3827 515 3912 quod
536 3827 616 3891 miti
638 3835 786 3892 eertum
810 3825 886 3911 est>
912 3851 958 3892 me
981 3831 1041 3892 etc.

312 3931 363 3999 Ita
395 3935 523 4019 quidem
552 3935 741 3999 contendere
765 3935 841 3999 lieet
864 3935 897 3998 in
921 3936 1080 4000 cotidiano
1103 3957 1247 3999 sermone
1272 3936 1323 4000 fu·

206 4041 269 4104 turi
304 4042 455 4125 temporis
479 4042 585 4106 verbis
608 4064 671 4106 uon
695 4042 790 4105 aliter
812 4041 899 4116 affici
922 4042 1029 4106 modos
1053 4041 1240 4106 subiunctae
1264 4064 1322 4126 pe·
1423 4028 1426 4037 ’

205 4146 285 4211 riodi
309 4151 404 4231 atque
427 4149 618 4233 praesentis.

205 4254 311 4263 ——-—-

314 4286 332 4354 ¹)
351 4290 394 4342 Ad
413 4290 602 4344 indicativum
619 4290 651 4343 in
669 4292 743 4344 Rud.
763 4290 840 4358 1230,
858 4291 935 4345 Trin.
954 4291 1006 4344 849
1025 4293 1069 4344 cfr
1082 4307 1127 4346 ex.
1140 4309 1166 4358 p.
1180 4291 1214 4344 12
1227 4292 1322 4346 allata.
