3076 5190
722 1209 796 1306 34.

280 1369 482 1449 Secundae
506 1396 697 1463 personae
722 1380 888 1446 verbum
911 1381 1035 1448 estin
1057 1380 1247 1464 primario

656 1488 871 1554 enuntiato.

313 1649 346 1713 Si
381 1670 540 1713 unacum
563 1647 728 1731 Madvigio
751 1649 914 1733 obliquam
937 1649 1109 1715 orationem
1134 1649 1178 1734 (p.
1205 1651 1241 1733 4)
1266 1675 1328 1736 ap-

207 1756 362 1841 pellamus
397 1778 476 1835 eam,
504 1755 537 1820 in
561 1777 623 1840 qua
646 1757 744 1821 verba
767 1760 799 1820 et
822 1757 998 1820 sententiae
1022 1757 1215 1835 referuntur,
1239 1781 1328 1843 quae

206 1886 270 1928 non
305 1863 373 1927 eius
407 1867 481 1927 sunt
515 1863 570 1947 qui
606 1863 755 1947 loquitur,
790 1864 845 1927 sed
881 1863 1020 1943 alterius,
1055 1865 1161 1929 nescio
1196 1888 1238 1929 an
1275 1867 1327 1930 di·

206 1970 291 2035 xeris
326 1992 385 2054 par
419 1992 487 2034 esse
511 1967 542 2033 ΙΙ
565 1991 720 2054 personae
743 1970 849 2035 verbis
872 1970 1048 2035 orationem
1071 1971 1234 2055 obliquam
1258 1994 1325 2037 non

206 2077 309 2143 minus
343 2077 493 2162 subiungi
528 2098 624 2160 quam
659 2074 708 2141 ΙΙΙ
736 2099 888 2160 personae
912 2078 1051 2142 vocibus.
1099 2077 1210 2162 Aeque
1235 2079 1324 2143 enim

206 2184 342 2249 alienum
379 2186 420 2249 ab
443 2207 480 2249 eo
502 2184 557 2268 qui
580 2185 728 2268 loquatur
751 2206 819 2249 esse
843 2206 915 2248 eum
938 2207 1033 2269 quem
1057 2185 1198 2268 appellet
1222 2189 1324 2269 atque

207 2312 279 2355 eum
315 2291 353 2355 de
388 2314 451 2375 quo
485 2291 562 2375 quid
596 2295 714 2355 narret.
760 2290 849 2366 Quod
872 2314 981 2356 verum
1006 2313 1073 2356 esse
1098 2292 1157 2356 tibi
1179 2292 1226 2356 ita
1249 2293 1326 2377 qui-

207 2398 280 2463 dem
315 2398 461 2477 concedo,
485 2400 520 2461 ut
544 2397 647 2461 dicam
683 2397 871 2462 oratione
905 2397 1075 2482 obliqua
1097 2397 1144 2462 uti
1168 2420 1241 2462 eum
1265 2401 1326 2483 qui

206 2503 355 2587 loquitur,
389 2504 633 2588 ubicumque
666 2504 921 2589 significare
954 2505 1059 2568 velit
1090 2526 1165 2569 non
1188 2526 1259 2569 sua
1282 2528 1325 2570 se

207 2610 368 2675 referre
401 2612 525 2675 verba
558 2615 681 2693 atque
713 2611 958 2690 sententias,
990 2611 1058 2675 sed
1092 2612 1179 2676 eius
1211 2634 1323 2696 quem

208 2716 394 2801 appellet.
440 2715 561 2781 Tamen
585 2718 680 2782 etiam
704 2718 750 2782 sic
772 2718 969 2782 intercedere
993 2702 1161 2782 discrimen
1185 2715 1271 2783 inter
1290 2718 1325 2784 ll

208 2826 240 2888 et
274 2820 323 2887 ΙΙΙ
355 2845 521 2907 personam
545 2825 653 2888 statim
675 2824 862 2890 videbimus.
909 2824 1012 2889 Multo
1035 2825 1120 2890 enim
1144 2825 1247 2889 maior
1269 2826 1325 2890 hic

209 2933 258 2994 est
292 2931 321 2995 ei
356 2931 411 3014 qui
445 2931 588 3014 loquitur
610 2934 761 3015 polentae,
785 2936 821 2997 ut
843 2954 900 2996 sua
923 2933 991 3016 ipse
1014 2934 1113 2997 verba
1138 2936 1170 2996 et
1193 2936 1325 2997 seuten-

207 3037 269 3101 tias
292 3037 435 3101 inmittat
458 3041 553 3122 atque
578 3035 610 3101 Il
633 3060 785 3122 personae
809 3041 907 3104 verbo
931 3040 1057 3124 regenti
1079 3039 1265 3123 subiungat.

381 3213 407 3278 Ι.
455 3215 620 3280 Praeteriti
643 3217 791 3296 temporis
814 3216 939 3282 verbum
963 3217 1153 3298 primarium,

208 3356 291 3440 quod
326 3354 357 3419 ll
391 3378 545 3440 personae
579 3362 637 3436 est,
661 3359 762 3422 oratio
796 3359 925 3441 obliqua
955 3381 1017 3423 non
1041 3359 1144 3422 minus
1167 3360 1323 3442 sequitur,

210 3465 306 3546 atque
329 3462 356 3527 si
380 3460 430 3527 ΙΙΙ
452 3485 605 3548 personae
629 3468 722 3529 esset.
1315 3459 1318 3464 ⁵

315 3604 356 3671 A.
403 3605 635 3673 Coniunctivus.

316 3729 555 3796 condicionales
578 3733 754 3811 sententiae
778 3739 868 3800 sunt:

210 3843 328 3930 Amph.
337 3845 390 3911 Fr.
399 3844 440 3912 V.
453 3846 538 3926 Quin
564 3847 733 3912 minitabas
756 3857 783 3913 te
816 3849 987 3932 faetnrnm,
1024 3849 1060 3914 si
1093 3848 1171 3915 istas
1199 3873 1323 3936 pepa-

528 3953 666 4020 lissem
687 3956 796 4038 fores?

210 4056 301 4124 (lure.
326 4061 402 4126 490.
452 4060 608 4126 Memento
630 4061 809 4146 promisisse
827 4070 863 4145 te,
880 4061 1090 4150 siqnisqnem
1104 4065 1185 4128 hane
1200 4064 1325 4131 liberali

455 4167 560 4232 Oansa
582 4190 680 4233 mann
703 4171 918 4250 adsereret,
946 4169 1025 4234 mili
1047 4193 1135 4237 omne
1159 4179 1323 4254 arpentum

551 4275 706 4340 redditum
738 4276 806 4341 eiri.
