3076 5190
683 607 855 672 ,46-

207 765 299 847 Truc.
320 784 392 848 190.
417 783 527 848 melius
549 782 628 847 iuiu
652 783 720 863 fore
742 805 841 867 spero,
865 783 933 848 ubi
956 791 983 848 te
1005 782 1172 850 uidebit.

518 890 624 974 [erecto
648 890 683 966 P,
708 898 735 953 tc
758 891 810 953 ulu'
832 891 948 955 uideret
972 889 1018 975 A]

207 997 304 1063 Poen.
323 1000 396 1063 726.
423 999 483 1062 Em
506 997 601 1061 istaec
623 1000 689 1061 uoto
712 1019 783 1081 erpo
806 1020 857 1061 oos
880 996 1123 1063 commeminisse
1146 999 1259 1064 omniu

421 1105 509 1168 Mooc
532 1126 643 1189 quom
667 1105 710 1168 od
730 1112 903 1188 praetorem
927 1127 1003 1169 usus
1026 1105 1168 1181 ocuict,

207 1210 376 1278 Milr359.
422 1209 522 1276 oredo
556 1232 608 1294 epo
641 1209 718 1274 istoc
741 1211 876 1294 exemplo
900 1210 957 1274 tilii
979 1233 1041 1275 esse
1064 1213 1203 1277 eundum
1227 1223 1338 1278 untu-

527 1325 601 1381 tum
625 1325 714 1381 coctio
735 1325 870 1401 portum,

424 1422 581 1509 Dispessis
604 1422 760 1505 munitus,
781 1423 959 1507 patibulum
994 1446 1097 1509 quom
1122 1425 1288 1494 hebebis.

210 1547 349 1633 [lebetis
372 1549 438 1627 OD,
463 1549 599 1615 Gellius:
624 1549 711 1613 lcobet
734 1547 785 1612 uis
808 1547 859 1629 B1,
885 1548 1002 1613 hebetis
1025 1546 1078 1631 ΒΕ,
1096 1548 1207 1614 uidetis
1232 1551 1274 1631 A,
1301 1554 1335 1617 in

207 1679 237 1720 v.
263 1658 327 1721 359
362 1659 498 1740 coempto
532 1653 616 1735 AB1‚
653 1657 800 1740 contempto
824 1653 935 1732 GDBl,
967 1657 1163 1741 perfunctum
1187 1656 1229 1733 A,
1254 1679 1334 1720 cuu-

323 1765 398 1828 dum
422 1765 518 1844 (utem
543 1763 591 1839 B)
615 1771 753 1826 actutum
777 1765 884 1841 ceteri,
910 1764 1046 1827 eundum
1070 1761 1210 1849 Gellius]

314 1871 421 1935 Etiam
446 1872 472 1934 si
497 1892 568 1935 cum
592 1871 649 1934 cod
673 1869 713 1933 A.
739 1870 874 1955 legimus

210 1976 309 2043 Orcdo
333 1999 385 2061 epo
408 1977 484 2042 istoc
507 1979 643 2061 exemplo
667 1977 723 2040 um
746 1998 808 2041 csse
826 1979 1055 2061 pereundum
1080 1987 1171 2042 cutm
1189 1988 1333 2064 portam,

208 2105 270 2148 non
295 2087 352 2160 est,
377 2085 461 2168 quod
485 2084 626 2148 offendat
649 2084 840 2147 indicativus
869 2083 991 2146 iubebis
1021 2084 1053 2147 in
1077 2085 1269 2149 immimenti
1296 2109 1333 2151 re

206 2192 324 2256 futura.
372 2189 433 2255 Sed
468 2212 587 2276 negare
623 2214 686 2255 non
721 2213 848 2274 possum
881 2196 967 2255 recte
993 2191 1130 2256 Leonem
1154 2192 1332 2256 defendere

207 2296 376 2361 lectionem
412 2300 588 2361 ceterorum
625 2297 766 2361 codicum
804 2297 939 2360 cuudum
967 2305 1104 2361 octutum
1128 2297 1178 2360 his
1201 2298 1331 2364 verbis:

209 2403 420 2487 „perfunctum
462 2402 488 2484 a
524 2425 547 2466 e.
590 2403 798 2486 pereundum)
841 2401 870 2466 A
913 2424 1047 2469 uersum,
1077 2402 1201 2489 quidem
1231 2426 1331 2488 prae·

207 2511 278 2573 heus
312 2510 366 2573 cccl
398 2530 567 2572 sermonem
602 2508 708 2572 suiuus
738 2511 867 2592 plenum
902 2517 929 2572 et
964 2509 1100 2594 lepidum
1135 2531 1230 2595 quum
1267 2511 1330 2576 P“.

207 2617 325 2681 Mirum
360 2614 464 2679 adhuc
500 2620 592 2695 esset,
629 2617 753 2687 codices
789 2617 850 2680 duo
883 2618 1037 2699 praebere
1062 2618 1160 2682 verba
1184 2617 1328 2682 ciusdem

206 2723 360 2788 notionis:
397 2724 543 2806 extemplo
579 2726 611 2786 et
640 2730 780 2787 octutum
804 2729 889 2799 (nam
914 2725 1062 2807 extemplo
1086 2725 1190 2787 estin
1214 2721 1329 2803 ODB',

206 2831 341 2914 exemplo
365 2831 398 2893 in
421 2826 518 2908 AB¹)‚
542 2830 569 2893 si
592 2833 761 2913 utrumque
786 2830 901 2893 falsum
926 2834 1019 2894 esset.
1229 2830 1231 2834 ⁸

314 2936 373 3000 His
409 2937 509 3002 futuri
544 2937 709 3001 indicativi
745 2935 899 3019 exemplis
923 2937 1040 3020 opponi
1065 2942 1196 3021 possunt
1219 2959 1268 3011 ea,
1293 2939 1328 3003 in

205 3045 320 3129 quibus
355 3045 589 3108 coniunctivum
622 3066 718 3126 supra
752 3043 967 3127 repperimus:
1004 3043 1122 3109 Bacch.
1147 3045 1200 3120 58,
1226 3045 1269 3109 76
1294 3069 1325 3130 p.

204 3152 256 3216 41.
293 3148 330 3214 In
354 3151 553 3216 coniunctivo
578 3151 696 3233 aliquid
718 3151 859 3214 incertae
877 3150 927 3214 vel
943 3151 1168 3215 condicionalis
1184 3152 1324 3217 notionis

204 3259 308 3321 inesse
342 3257 468 3321 videtur
492 3258 598 3343 (quom
612 3285 653 3309 =
667 3256 847 3341 ubicumque
881 3257 932 3322 vel
960 3256 1013 3338 si),
1041 3258 1232 3323 indicativus
1256 3282 1325 3324 rem

205 3353 371 3428 certiorem
399 3364 505 3428 reddit
536 3368 569 3428 et
592 3364 686 3428 simul
711 3366 851 3429 futurum
875 3368 1011 3448 tempus,
1035 3366 1118 3449 quod
1142 3366 1175 3430 in
1199 3364 1249 3428 his
1275 3389 1324 3430 ex.

204 3471 334 3555 insuper
358 3472 509 3535 definitur
523 3472 630 3536 verbis
649 3469 723 3550 ium,
741 3492 821 3550 mou,
840 3479 988 3553 actutum,
1005 3472 1146 3555 apertius
1167 3473 1325 3556 designat.

310 3577 347 3642 In
383 3577 474 3662 capt.
504 3579 567 3644 339
604 3579 713 3643 modus
744 3601 806 3642 non
831 3579 1006 3661 dispicitur.
1055 3576 1118 3643 Sed
1142 3580 1237 3646 indic.
1262 3580 1323 3644 fut.

206 3686 311 3749 exacti
336 3685 440 3749 estin
464 3684 578 3750 Pseud.
604 3686 679 3751 751.
857 3709 860 3713 ·

310 3861 352 3928 ΙΙ.
399 3861 664 3928 Indicetivus
699 3864 730 3926 in
756 3864 922 3927 sententiis
946 3886 1027 3947 quae
1051 3864 1246 3930 universales
1271 3866 1323 3930 vel

204 3970 477 4053 sumptas'res
501 3972 692 4053 exprimunt.

313 4095 342 4159 1.
390 4076 708 4160 condicionales
732 4095 927 4160 sententiae:

264 4216 265 4219 ’
289 4206 291 4210 ’
312 4199 411 4265 Indis.
436 4202 601 4285 praeteriti
625 4206 734 4285 temp„
758 4203 855 4267 verbo
878 4203 1002 4286 regenti
1026 4204 1229 4285 praecedens.

206 4307 325 4374 Bacch.
345 4308 440 4373 1086.
466 4307 555 4373 Sicut
578 4330 656 4386 eum,
680 4311 708 4371 st
731 4308 879 4391 commit,
906 4307 969 4372 scio
991 4308 1108 4392 fecisse.
