3076 5190
555 597 813 676 -181-,

91 767 169 853 foco
203 774 236 837 in
271 772 357 838 Men.
384 774 514 838 112-3
550 774 655 856 (souis
678 775 736 840 fut.
762 779 876 855 exact,
900 797 961 839 non
986 778 1091 854 coni),
1115 787 1217 843 caueto

92 880 161 961 (m)
184 880 217 943 in

94 987 148 1052 As.
174 986 250 1050 371.
304 1008 410 1072 puppo
432 988 550 1051 motum
573 987 610 1051 si
633 986 690 1052 tibi
712 1009 967 1072 percussero,

306 1092 388 1157 Meu
421 1115 513 1179 quom
535 1095 557 1174 †
581 1093 739 1158 Sororeom.
769 1092 927 1174 imitabor,
964 1105 1065 1161 cooeto
1087 1119 1126 1162 re
1148 1120 1215 1162 sus-

413 1221 544 1266 censeas.

93 1305 142 1369 De
166 1304 252 1371 Trin.
281 1307 365 1371 1012
390 1329 487 1390 supra
511 1307 672 1391 disputavi
702 1331 732 1391 p.
760 1307 834 1374 179.

200 1487 227 1530 c.
274 1465 499 1531 Praesentis
522 1467 714 1533 indicativus
738 1471 795 1532 est.

200 1608 239 1672 c¹.
279 1606 435 1672 Absoluta
458 1609 622 1691 praecedit
645 1609 737 1673 cond.
762 1615 842 1675 sent.
867 1611 900 1674 in

92 1722 185 1806 Gapt.
206 1723 280 1787 103.
305 1723 389 1787 Nom
412 1722 448 1786 oi
470 1722 565 1787 illum
587 1722 707 1808 recipit,
732 1723 779 1788 uit
804 1733 847 1789 est
870 1747 930 1811 quo
953 1748 1000 1790 me
1023 1725 1185 1811 recipiam.
1304 1729 1307 1736 ’

200 1856 256 1922 cfr
290 1856 409 1941 Amph.
434 1857 498 1923 849
530 1880 577 1941 sq.
625 1858 676 1922 Ad
700 1880 851 1942 praesens
875 1882 934 1944 pro
957 1860 1065 1925 futuro
1088 1861 1216 1926 adhibi-

91 1965 161 2026 tum
197 1963 246 2027 cfr
280 1962 332 2029 Pe.
358 1965 422 2030 375
453 1965 573 2045 (adfert
597 1965 637 2028 A.
662 1964 766 2028 oderit
789 1964 850 2048 Ρ.),
875 1964 963 2030 Trio.
990 1967 1065 2045 156,
1088 1990 1129 2032 ne
1153 1967 1217 2032 alia

92 2092 142 2135 ex.
159 2080 414 2137 commemorem.

93 2175 146 2242 Ps.
171 2178 246 2242 949;
304 2176 401 2242 immo
424 2179 459 2241 si
482 2177 643 2260 efficis,
669 2186 734 2242 tum
757 2179 836 2260 fuco
857 2180 960 2264 mopis
983 2179 1080 2245 dicos.

466 2281 568 2368 [erro
592 2291 627 2362 Β,
652 2285 751 2367 eoo
774 2283 848 2371 co]

203 2391 309 2456 'Metri
345 2393 450 2456 causa'
487 2391 625 2455 editores
660 2414 733 2456 cum
772 2391 957 2458 Hermanno
992 2391 1151 2478 effici<e>s
1185 2399 1218 2458 et

93 2519 166 2563 cum
190 2495 368 2562 Ritschelio
394 2495 583 2582 (11111111
614 2499 821 2582 scripserunt.
870 2497 933 2564 Sed
957 2503 994 2563 ut
1017 2501 1142 2565 codices
1166 2523 1216 2564 se-

92 2626 239 2689 quamur,
253 2607 390 2669 metrum
414 2605 519 2687 ipsum
543 2605 664 2669 suadet.
701 2601 776 2669 Non
800 2606 949 2670 viderunt
965 2608 1051 2670 enim
1067 2607 1216 2684 editores,

93 2715 283 2793 anapaestos
311 2712 344 2776 in
369 2711 446 2776 duos
470 2733 579 2777 versus
603 2710 772 2776 Reizianos
796 2713 898 2778 exiret

204 2819 279 2884 949.
304 2816 422 2902 Lepide
445 2816 563 2902 decipis
586 2839 632 2882 me
648 2817 661 2900 ΙΙ
677 2817 777 2883 Iromo
800 2817 830 2882 si
853 2818 953 2901 efficis
984 2828 1050 2884 tum
1138 2820 1217 2902 foco

414 2924 516 3009 mopis
539 2924 636 2988 dicos.

306 3027 317 3117 d
328 3030 405 3095 Nisi
416 3029 551 3114 effecero,
569 3030 781 3095 cruciabiliter
796 3052 866 3094 cor·
905 3029 995 3113 miste
1010 3053 1059 3096 me
1075 3032 1218 3117 accipito.

202 3192 239 3255 c¹.
287 3191 437 3275 Sequitur
460 3192 552 3256 cond.
577 3196 658 3256 sent.

202 3321 399 3391 Indicativus
423 3326 464 3389 de
487 3325 621 3389 instanti
645 3348 679 3389 re
703 3329 876 3410 usurpatur
899 3327 932 3390 in

95 3441 165 3506 Mil.
190 3441 264 3506 295.
309 3449 345 3505 ut
373 3430 492 3526 percos
519 3449 698 3525 paratumst
736 3478 787 3520 —,
825 3440 889 3506 nisi
922 3428 1097 3526 supprimis
1123 3442 1220 3507 Tuom

415 3546 656 3634 stultiloquium.

97 3654 170 3719 Aul.
200 3654 275 3719 585.
309 3676 380 3718 caue
402 3654 447 3719 sis
470 3654 534 3734 tibi,

310 3761 360 3825 Ne
399 3768 433 3825 tu
472 3759 738 3844 iu[me]mutossis
777 3782 896 3842 uomere,
947 3761 984 3824 si
1027 3761 1095 3825 hoc
1133 3783 1220 3826 eou-

416 3867 572 3933 creduo.

97 4003 139 4029 =
152 3996 244 4060 quom
268 3975 333 4038 ium
355 3975 410 4038 hoc
433 3975 612 4040 concreduo.
652 3972 736 4039 Nam
762 3977 800 4040 de
823 3979 911 4039 certa
927 3979 959 4039 et
975 3978 1095 4039 statuta
1111 3997 1145 4037 re
1166 3976 1219 4059 agi

95 4082 240 4146 indicant
262 4104 344 4165 quae
370 4081 563 4146 antecedunt
585 4083 701 4147 verba:
726 4083 769 4145 ibi
792 4083 974 4146 abstrudam
995 4082 1096 4166 probe.

203 4187 376 4253 Praeterea
410 4188 603 4253 indicativus
626 4189 717 4255 verbi
736 4211 826 4274 posse
849 4211 951 4273 paene
976 4190 1008 4253 in
1032 4188 1220 4273 parenthesi

97 4299 244 4362 servatur
