3076 5190
672 565 861 630 -151-

206 742 305 811 Mero.
331 742 406 808 504.
442 743 511 823 ραν
533 746 643 808 emmiu
665 743 742 826 meu
762 744 842 808 Tene
864 745 943 828 epo?
962 754 996 809 ut
1031 748 1136 830 quod
1167 750 1329 832 irrepere-

551 850 754 933 tartacitae,

443 958 523 1022 Item
557 958 659 1043 quod
681 965 716 1021 tu
739 959 815 1022 milri
838 958 903 1043 [st]
927 962 1099 1044 imperes
1122 981 1175 1045 eqo
1195 961 1327 1043 faciam.

542 1064 555 1147 ΙΙ
572 1064 691 1128 Facere
713 1072 858 1129 certumst

446 1208 484 1217 -
510 1193 588 1256 quae
611 1172 734 1235 terelle
758 1171 943 1235 arbitrator.

313 1276 424 1358 Recte,
448 1278 552 1356 credo,
577 1277 778 1343 Camerarius
802 1279 896 1342 eiecit
919 1281 1051 1344 verbum
1067 1282 1105 1361 si,
1118 1281 1202 1363 quod
1218 1281 1328 1363 inepte

207 1383 418 1467 explicatione
448 1385 514 1449 Leo
537 1408 565 1448 a.
591 1384 622 1448 h.
647 1384 669 1448 l.
683 1381 707 1466 ¹)
738 1384 909 1449 defendere
943 1388 1086 1450 conetur.
1145 1385 1328 1450 Plorantem

207 1489 290 1554 enim
315 1491 456 1574 puellam
480 1513 577 1556 senex
601 1515 663 1557 non
688 1514 721 1556 re
745 1515 882 1557 venerea
907 1494 1184 1558 commemoranda
1208 1494 1330 1558 solatur

207 1597 263 1661 sed
288 1599 435 1683 benignis
458 1600 565 1664 verbis
588 1601 638 1681 (ert
661 1600 743 1684 quod
765 1636 808 1645 —
831 1602 962 1684 imperes
985 1621 1037 1685 epo
1058 1601 1204 1683 facicm).
1250 1598 1328 1676 Qui-

209 1704 266 1767 bus
289 1709 435 1788 permota
458 1706 566 1790 puella
590 1707 700 1771 eodem
724 1728 819 1771 sensu
843 1707 1023 1790 respondet.
1070 1704 1144 1772 Non
1164 1708 1330 1791 probanda

206 1815 407 1895 temptarunt
429 1810 556 1878 Ritschl
579 1817 612 1877 et
636 1810 767 1897 Ussing.

208 1916 305 1982 Persa
322 1919 396 1985 616.
422 1919 492 1985 Soio
515 1942 567 2005 epo
591 1919 731 2002 officium
755 1941 866 1999 meum,
883 1927 927 1998 ut,
945 1941 1044 2005 quae
1067 1923 1232 2005 repetet,
1256 1942 1330 1984 ocra

528 2035 563 2091 ut
585 2029 688 2112 accepi
710 2028 848 2113 eloquor.

551 2131 714 2218 [ropit(er)
738 2131 779 2212 Α,
804 2133 914 2218 repetet
939 2132 991 2219 Ρ.]

315 2237 472 2304 Incertior
507 2247 555 2306 est
589 2241 698 2305 littera
731 2264 750 2304 r
783 2240 817 2305 in
853 2240 892 2317 Α,
925 2263 1020 2324 quem
1045 2244 1081 2304 nt
1105 2245 1236 2325 propter
1258 2263 1328 2304 eum

207 2364 279 2406 cum
310 2343 446 2410 Grutero
469 2351 502 2410 et
525 2347 672 2411 omnibus
696 2347 870 2411 editoribus
894 2354 1015 2413 certum
1038 2351 1217 2412 ceterorum
1243 2348 1329 2413 codi-

207 2471 279 2513 cum
307 2451 476 2516 lectionem
506 2452 679 2538 repetet:
702 2451 1035 2539 quaecumque(lcno>
1064 2455 1210 2538 ropitctit
1238 2455 1329 2519 dese·

209 2578 324 2621 ramus.
371 2557 421 2622 De
444 2560 617 2624 indicativo
640 2559 744 2644 occepi
767 2560 861 2624 infra.

208 2667 253 2727 St.
278 2664 353 2729 686.
423 2665 571 2751 Quisquis
603 2674 788 2751 praetereat,
826 2665 1057 2731 commissatum
1090 2667 1156 2730 eolo
1179 2670 1285 2731 vocari
1301 2666 1315 2749 ΙΙ

529 2772 685 2851 Convenit,

422 2879 509 2942 Dum
532 2880 655 2964 quidem
679 2881 777 2944 terete
806 2879 975 2965 quisque
1003 2881 1151 2961 ventat,
1185 2876 1327 2963 (veniat)

528 3007 598 3050 cum
621 2988 692 3051 eino
715 3007 780 3050 suo.

316 3093 423 3157 Etiam
458 3094 491 3157 in
527 3093 587 3158 hoc
623 3115 672 3158 ex.
698 3094 838 3157 incertae
862 3096 936 3157 sunt
960 3093 1087 3156 litterae
1110 3091 1143 3154 in
1169 3090 1212 3155 A:
1246 3093 1329 3176 quis·

208 3200 281 3286 qu(e
303 3203 406 3264 veniat
437 3199 564 3284 veniet),
593 3223 664 3265 cum
689 3201 722 3264 in
746 3200 862 3265 ceteris
885 3199 977 3264 libris
1000 3199 1043 3263 sit
1065 3200 1195 3284 quisque
1217 3199 1328 3263 veniat.

208 3307 271 3370 Sed
295 3310 407 3371 contra
423 3329 600 3372 sermonem
617 3307 801 3372 Plautinum
820 3308 853 3371 in
871 3306 931 3371 hac
948 3305 1004 3371 rel.
1018 3306 1177 3370 sententia
1193 3305 1328 3385 infinita,

207 3435 290 3497 quae
327 3414 452 3499 regenti
479 3415 656 3478 sententiae
681 3415 848 3478 interiecta
871 3418 937 3489 est,>
954 3412 1051 3478 (loeta
1074 3412 1237 3496 supplevit
1262 3409 1328 3496 <oe-

208 3517 292 3603 niet)
333 3521 424 3601 ,fort
449 3543 521 3586 cum
555 3519 618 3599 A“,
651 3525 686 3586 ut
720 3521 766 3585 ait
800 3521 834 3584 in
861 3521 983 3584 minore
1007 3519 1057 3584 ed.
1104 3517 1330 3583 Coniunctivus

209 3628 313 3692 neniot
336 3632 454 3705 autem,
486 3632 522 3692 ut
544 3629 625 3711 legit
648 3631 722 3704 Leo,
748 3651 785 3693 eo
809 3626 1006 3711 probabilior
1029 3628 1086 3703 est,
1111 3624 1195 3707 quod
1218 3623 1331 3687 similis

208 3736 427 3802 coniunctivus
451 3737 593 3819 proxime
618 3735 793 3800 antecedit:
818 3734 958 3819 quisquis
977 3738 1163 3816 praetereat.

209 3843 246 3908 ln
267 3843 361 3908 Truc.
380 3842 455 3908 430.
483 3843 612 3907 detestor
634 3863 751 3906 munus
774 3849 802 3905 te
825 3847 1011 3904 curaturum
1035 3837 1106 3918 scio,

484 3950 523 4014 Ut
545 3951 657 4035 quoius
679 3971 726 4013 me
749 3970 810 4013 nou
829 3947 990 4031 paeniteat
1013 3939 1161 4027 mitta<e>
1186 3941 1275 4020 milri,

209 4058 305 4122 simul
329 4061 362 4121 et
385 4057 587 4122 consecutiva
611 4060 644 4120 et
667 4056 798 4139 obliqua
820 4055 868 4117 vis
892 4051 1028 4137 cogitari
1052 4052 1167 4134 potest.

320 4197 339 4263 ¹)
359 4198 427 4253 «505
446 4199 501 4250 hoc
520 4198 601 4251 dicit:
622 4197 697 4263 quod
718 4211 770 4261 ego
790 4196 859 4248 item
879 4193 992 4259 faciam,
1011 4192 1036 4244 si
1055 4196 1087 4244 tu
1107 4190 1178 4242 mihi
1198 4190 1332 4258 imperes,

210 4305 271 4342 rem
291 4303 444 4344 veneream
464 4287 599 4340 sciliceta
