3076 5190
677 565 850 626 ..12-

205 739 390 825 (quae-siet),
415 765 476 805 non
502 742 648 824 obliquos
666 747 721 819 est,
744 742 799 804 sed
821 740 1018 804 concessivae
1037 739 1156 802 notioni
1175 739 1325 813 debetur,

205 870 286 931 quae
310 847 408 911 levior
432 852 479 911 est
503 849 535 911 in
560 849 701 912 breviore
725 849 897 912 sententio:
922 869 1000 932 quoe
1023 854 1127 924 meost,
1148 845 1263 908 deinde
1288 845 1322 907 in

205 956 347 1039 longiore
364 959 443 1019 sent.
458 956 666 1033 coniunctim,
680 957 733 1039 qui
751 955 845 1018 simul
858 959 959 1018 metro
972 953 1118 1030 consulit,
1132 952 1323 1016 intenditur.

313 1090 342 1152 2.
390 1089 436 1152 At
469 1090 501 1152 in
537 1090 582 1152 eis
606 1112 729 1172 quoque
754 1089 937 1163 enuntiatio,
962 1111 1043 1171 quae
1069 1109 1140 1151 cum
1165 1086 1326 1150 sententia

206 1196 352 1259 universa
387 1196 512 1278 penitus
548 1195 729 1273 cohaerent,
763 1200 798 1258 ut
821 1197 931 1260 abesse
955 1217 1015 1258 non
1043 1195 1174 1277 possint,
1198 1193 1325 1255 indica·

207 1303 290 1365 tivus
325 1325 381 1367 suo
415 1303 483 1366 loco
508 1307 565 1380 est,
596 1303 628 1364 si
665 1304 755 1385 quis
791 1325 835 1366 ex
873 1326 944 1366 sua
983 1306 1129 1378 mente,
1170 1323 1215 1363 ex
1254 1322 1325 1363 suo

207 1415 386 1491 tempore
441 1410 608 1491 suisque
662 1410 800 1473 verbis
850 1414 992 1472 narrat
1042 1409 1105 1472 vel
1151 1409 1322 1471 circum-

208 1517 370 1580 scribit.

315 1651 346 1729 6)
372 1649 477 1731 Atque
502 1651 533 1711 id
558 1651 608 1713 vel
632 1651 808 1712 necessario
833 1650 876 1725 fic,
903 1652 956 1713 ubi
975 1672 1012 1712 ex
1030 1649 1135 1712 verbis
1152 1649 1229 1730 ipsis
1246 1669 1322 1710 con-

208 1758 334 1820 cludere
370 1757 453 1846 licet‚
479 1757 635 1839 loquentis
664 1778 731 1819 6666
756 1758 920 1819 enuntiata
944 1757 1138 1829 secundaria,
1165 1777 1226 1818 non
1253 1754 1321 1816 eius

209 1865 247 1927 de
271 1885 334 1947 quo
358 1864 506 1946 loquitur.

317 1997 588 2080 comparativa
612 2003 660 2059 est
683 2004 774 2062 sent:

210 2104 385 2168 0166674.
444 2104 480 2166 Si
517 2125 572 2166 ero
611 2126 676 2165 6666
717 2103 802 2188 <666>
839 2107 916 2166 sciat
955 2113 1018 2166 tom
1057 2105 1208 2166 socordem
1249 2124 1321 2179 6666,

551 2232 658 2294 quom
681 2233 771 2276 6666.

318 2345 520 2409 Relatirae
545 2348 624 2408 sent.
649 2350 735 2409 sunt:

212 2454 295 2517 Men.
317 2453 410 2516 1040.
447 2453 514 2521 Alo·
537 2472 584 2515 mc
608 2461 719 2536 669666
743 2475 809 2515 eum
834 2476 903 2531 6666,
929 2456 993 2538 qui
1015 2474 1102 2515 6666.

588 2560 661 2638 „der
684 2559 736 2622 ich
760 2560 838 2624 doch
865 2563 952 2624 bin“.

213 2668 330 2751 Amph.
354 2667 426 2730 850.
452 2674 542 2751 atquc
566 2670 593 2728 is
616 2669 644 2728 si
666 2667 795 2750 deoeqot

450 2773 556 2846 Foeta,
581 2795 672 2857 quoe
696 2781 734 2836 tu
759 2775 863 2854 foeta
886 2775 992 2836 dicis.
1040 2774 1124 2836 Men.
1151 2773 1224 2834 614.

214 2881 304 2964 Capt.
329 2881 402 2944 567.
446 2881 544 2943 Immo
578 2880 635 2942 iste
669 2903 737 2943 6666
760 2904 822 2943 6666
856 2880 902 2944 ait
936 2880 1001 2966 qui
1038 2902 1108 2942 666
1139 2886 1193 2941 est
1216 2898 1279 2939 6666
1302 2884 1329 2939 ct

555 2986 620 3072 qui
642 2996 765 3050 verost
788 2996 887 3071 ocqot.

321 3122 442 3186 Eadem
475 3123 635 3186 modorum
661 3123 841 3185 vicissitudo
865 3144 946 3205 quae
970 3123 1002 3185 in
1027 3121 1095 3185 Coc.
1124 3121 1186 3183 193
1211 3141 1256 3201 sq.
1282 3117 1324 3197 (v.

215 3233 324 3314 supra)
348 3231 437 3293 nobis
461 3231 598 3292 occurrit
622 3231 653 3292 in

216 3365 266 3429 Ps.
293 3365 366 3430 927.
428 3363 481 3426 Sic
504 3384 555 3445 696
577 3362 668 3425 666666
692 3400 735 3408 -
759 3363 798 3425 In
823 3363 962 3426 timorem
985 3363 1062 3423 dabo
1086 3398 1128 3405 —

429 3471 521 3554 Ipsus
544 3491 606 3533 6666
628 3478 662 3532 ut
685 3479 769 3553 66666
792 3492 854 3533 6666
877 3491 944 3532 eom
968 3467 1034 3554 qui
1058 3467 1128 3532 siet

432 3577 542 3663 Meque
565 3584 600 3639 ut
623 3598 684 3638 6666
707 3585 845 3640 autumet
868 3575 931 3660 qui
954 3575 1062 3660 ipsus
1086 3583 1147 3637 est.

324 3711 405 3776 Nam
432 3712 600 3775 adiuvante
629 3711 827 3774 coniunctivo
850 3711 990 3794 regentis
1015 3709 1189 3771 sententiae
1214 3709 1329 3787 (66666)

219 3827 250 3883 et
294 3821 532 3883 commendante
575 3821 676 3881 metro
719 3818 847 3886 (cretico
890 3819 967 3880 item
1009 3822 1044 3879 ut
1084 3817 1114 3878 in
1160 3814 1331 3886 cas.194)

219 3927 435 3991 coniunctivus
471 3926 678 4002 concessivu8‚
707 3947 770 3987 non
794 3924 948 4007 obliquuS‚
974 3923 1120 4006 provenit
1144 3923 1175 3984 in
1200 3944 1228 3982 v.
1255 3920 1328 3983 928.

223 4042 336 4125 Amph.
356 4043 429 4105 884.
457 4042 513 4120 Eo,
543 4048 743 4126 quaesout
766 4040 878 4118 focio,
907 4039 1020 4118 infecta
1044 4045 1133 4101 testot
1156 4039 1306 4099 ctomitot.

417 4146 508 4231 [cod.
536 4148 561 4210 B
585 4147 736 4227 infectare
759 4155 801 4209 666
825 4155 866 4223 ot,
892 4168 970 4210 corr.
996 4143 1137 4226 Palmer]

221 4257 336 4322 Bacch.
366 4258 458 4321 1096.
506 4256 590 4320 Men.
617 4256 690 4319 580.
716 4255 832 4316 Datum
857 4255 1015 4338 66669666,
1042 4253 1123 4338 quod
1144 4252 1289 4312 daturnst.
