3076 5190
670 658 710 668 -
738 623 800 688 129
827 658 868 668 --

318 802 345 862 l.
393 798 428 862 ln
453 799 600 864 omnibus
624 799 791 863 sententiis
815 801 1039 883 comparativis
1063 804 1099 865 ut

208 923 306 987 Persa
323 925 397 989 206.
424 924 486 988 Sed
507 921 537 987 si
560 932 601 987 nt
623 922 786 1007 dipno's
808 925 940 1006 fociant.

316 1046 398 1112 Item
423 1048 581 1112 undecies.

208 1154 300 1238 capt.
320 1155 395 1219 307.
419 1152 449 1218 si
470 1152 604 1238 proinde
627 1162 668 1217 nt
702 1152 789 1237 ipse
822 1153 889 1236 fni
912 1157 1081 1238 imperator
1103 1154 1248 1236 familiae

422 1261 563 1324 Habeam
586 1259 758 1342 dominnm,
783 1282 845 1324 non
868 1283 986 1327 uereor.

315 1413 344 1476 2.
393 1409 430 1474 In
455 1411 652 1476 relativis
676 1412 844 1475 sententiis

315 1547 347 1627 a)
393 1546 447 1610 ubi
483 1544 514 1608 id
552 1545 635 1628 quod
660 1544 930 1609 estoutfectum
955 1548 1089 1610 estnon
1113 1546 1159 1609 rei
1183 1550 1329 1630 sumptae

186 1653 409 1716 coniunctivo
444 1652 625 1734 opponitur,
670 1651 726 1715 sed
761 1651 950 1733 explicando
984 1655 1133 1715 narratur
1166 1688 1210 1697 —
1246 1654 1327 1736 quod

208 1760 291 1842 apud
327 1762 515 1842 proteres
548 1758 719 1841 praecipue
743 1758 780 1822 fit
803 1794 861 1838 -,
885 1759 952 1823 sive
977 1759 1016 1823 ad
1040 1758 1247 1843 parenthesin
1272 1759 1328 1824 rel.

207 1871 287 1929 sent.
312 1888 412 1948 prope
437 1865 577 1930 accedit:

208 1987 289 2052 Rud.
307 1988 381 2052 978.
418 1986 447 2051 si
468 1986 550 2051 istnc
572 1986 624 2050 ins
643 1991 684 2051 sit
704 1988 786 2073 proed
800 2009 963 2066 mereamus,
978 1990 1147 2072 piscatores
1159 1988 1323 2073 perierint.

209 2094 280 2157 Aul.
306 2095 381 2171 555,
405 2092 461 2157 As,
487 2095 562 2170 459,
587 2094 669 2159 Rud.
698 2095 792 2172 1021,
818 2093 904 2159 Trin.
931 2095 983 2165 85,
1008 2096 1082 2159 470.

314 2219 380 2283 sive
404 2241 462 2302 per
484 2220 676 2282 seutentiam
701 2221 811 2283 abesse
837 2241 898 2283 uon
922 2224 1043 2303 potest:

209 2324 413 2390 [tacentes.
439 2324 542 2389 Immo
565 2328 593 2388 si
616 2326 731 2389 nudius
754 2347 833 2410 quoe
855 2324 939 2389 dictu
963 2324 1046 2389 nien
1068 2363 1112 2372 -

207 2431 277 2497 Cas,
304 2434 378 2507 668,
404 2433 500 2497 Mero.
527 2433 603 2495 419.

208 2539 299 2604 Curc.
316 2540 390 2603 246.
422 2537 514 2602 Potin
539 2537 747 2602 coniecturam
769 2539 883 2621 fucere,
912 2537 942 2602 si
963 2560 1090 2602 enarrem
1115 2538 1170 2604 nbi

423 2645 493 2707 Hae
516 2654 600 2709 nocte
623 2646 707 2729 qnod
728 2666 780 2728 epo
804 2644 958 2709 somniom'
980 2644 1160 2710 dormiens?
1233 2682 1237 2688 ·

207 2752 298 2834 Cept.
318 2753 394 2816 410.
424 2751 462 2817 si
495 2773 547 2835 epo
578 2750 650 2815 item
675 2773 837 2815 memorem
860 2772 939 2836 qnue
962 2773 1008 2814 me
1031 2773 1105 2836 erpo
1128 2754 1227 2817 multu
1251 2752 1328 2834 feci-

527 2866 570 2921 sti
592 2859 672 2936 bene,

422 2963 492 3027 Non
514 2965 594 3027 diem
618 2962 755 3028 adimet:
779 2962 870 3048 [erpo
893 2986 940 3027 me
964 2963 1010 3048 D]

207 3071 267 3155 Ep.
293 3072 368 3135 370.
395 3070 490 3135 Poen.
516 3072 593 3136 921.
640 3070 689 3135 De
713 3070 805 3153 Capt.
831 3071 896 3134 906
921 3094 948 3134 v.
974 3093 1080 3154 supro.

314 3192 392 3258 Cum
416 3194 532 3277 quibus
556 3194 711 3277 exemplis
735 3195 846 3258 confer
869 3194 1106 3260 coniunctivum
1129 3195 1197 3260 Mil.
1224 3197 1276 3260 20.

207 3301 284 3366 Cist.
310 3302 361 3365 73.
421 3299 583 3382 Confidam
606 3300 684 3382 fore,

420 3406 457 3470 Si
490 3405 628 3471 medicus
662 3406 774 3488 ueniet,
808 3407 863 3492 qui
886 3407 958 3470 hnic
981 3408 1084 3471 morbo
1106 3408 1212 3488 secere
1235 3411 1330 3477 medi-

402 3584 406 3589 ,
526 3512 632 3577 einum
653 3521 759 3597 potest.

207 3620 262 3686 As.
289 3622 364 3696 507,
388 3620 456 3685 Mil.
485 3621 581 3698 1429,
604 3619 691 3683 Trin.
720 3621 814 3684 1171.

313 3742 365 3807 Ad
389 3745 536 3827 epodosis
561 3744 795 3808 coniunctivum
821 3743 1012 3807 indicativus
1036 3765 1069 3806 se
1094 3743 1236 3826 applicet
1259 3745 1290 3807 iu

208 3850 289 3915 Rud.
316 3851 368 3915 96.
420 3849 457 3916 Si
475 3852 608 3934 sepium,
634 3851 689 3912 hoc
712 3850 794 3934 qnod
816 3871 863 3913 me
885 3857 1002 3912 moctut
1023 3848 1199 3914 concinnem
1217 3851 1327 3914 lutum.

207 3957 302 4022 Poen.
321 3957 396 4022 971.
420 3956 457 4021 Si
481 3994 523 4002 -
546 3957 684 4033 inchoem,
708 3955 828 4038 faciam
852 3956 934 4040 qnod
956 3954 1049 4018 intes.
1097 3956 1242 4031 [habeon
1273 3955 1327 4034 Α].

315 4078 444 4144 Certum
469 4100 571 4163 genus
595 4077 758 4142 hominum
784 4079 933 4142 definitur
955 4076 987 4140 in

208 4205 258 4272 Ps.
284 4205 358 4269 427.
423 4203 574 4268 Homines
597 4203 652 4289 qui
673 4211 796 4287 pestnnt
818 4202 931 4290 quique
954 4204 1133 4266 ‹cnscnltont
1156 4203 1304 4284 crimino,

420 4309 457 4376 Si
480 4332 546 4378 enee
569 4309 726 4375 arbitratu
750 4309 849 4389 liceat,
878 4331 982 4374 omnes
1001 4310 1168 4394 pendeant.

1205 4434 1221 4486 9
