3076 5190
668 592 867 664 -182-

206 774 288 841 Rud.
315 776 392 841 890.
419 775 469 839 ibo
494 813 545 854 -‚
568 774 596 839 ei
619 776 786 840 advocatus
809 784 844 840 ut
867 778 951 855 sian,

421 881 536 967 Sique'
558 904 628 946 meu
651 904 745 966 opera
768 885 860 947 eitius
884 882 991 946 addici
1011 892 1164 968 petest,

314 1009 409 1071 etiam
434 1008 559 1092 regenti
584 1008 761 1071 sententiae
786 1008 987 1072 interiectus:

207 1112 277 1180 Mil.
301 1113 397 1179 1084.
422 1115 514 1180 sinite
538 1114 654 1193 abeam,
679 1117 708 1176 si
725 1135 864 1198 pessum,
888 1113 958 1178 eiua
982 1137 1003 1178 a
1025 1116 1119 1180 votis.

207 1219 303 1285 Poen.
322 1222 397 1286 395.
421 1219 584 1305 (Opsecro)
625 1221 664 1284 Ut
699 1257 740 1267 —
776 1222 861 1285 irata
896 1244 934 1285 ue
968 1220 1021 1298 eis,
1059 1230 1125 1303 aut,
1154 1225 1184 1287 si
1207 1223 1245 1287 id
1266 1225 1331 1306 fieri

526 1348 589 1390 uou
608 1334 716 1411 potest,

421 1435 537 1519 Oupiae
559 1437 665 1498 restim
688 1469 741 1499 -.

314 1666 343 1728 2.
391 1663 656 1749 'temporales
680 1667 868 1730 sententiae.

314 1788 357 1856 a¹.
405 1791 558 1856 Futurum
594 1791 727 1875 simplex
761 1792 927 1868 retinetur,
962 1793 990 1856 si
1014 1816 1033 1856 a
1056 1795 1232 1877 temporali
1260 1818 1328 1859 sen-

206 1898 308 1961 tentia
331 1899 479 1982 periodus
495 1899 624 1982 incipit:
643 1899 831 1963 indicativae
848 1900 932 1963 enim
949 1895 1071 1981 du0s¹),
1090 1901 1328 1966 coniunctivum

207 2004 330 2068 nullum
353 2005 542 2070 invenimus.

207 2109 326 2176 Bacch.
343 2112 396 2176 36.
427 2112 497 2175 Uti
531 2133 578 2175 me
612 2111 746 2196 fupe'et
769 2109 930 2194 memoria,
954 2111 998 2175 ai
1021 2120 1057 2175 ta
1078 2112 1180 2194 facito
1207 2122 1241 2177 ut
1264 2115 1330 2178 eub-

525 2220 641 2299 eeuias,
665 2239 764 2282 soror.

431 2322 551 2409 [sapiet
576 2324 613 2403 Β,
637 2323 762 2409 effupiet
786 2324 853 2404 OD,
879 2324 1022 2410 effuqerit
1045 2324 1115 2410 FZ]

207 2431 301 2497 Truo.
319 2432 393 2495 418.
418 2432 485 2495 uti
507 2430 590 2495 illud
612 2433 695 2516 quod
717 2433 783 2495 eale

421 2537 458 2601 H
464 2537 579 2601 abeto
602 2537 640 2600 at
665 2538 726 2616 ille,
750 2536 848 2620 facile
871 2539 1002 2620 iuventa,
1030 2559 1089 2623 que
1113 2539 1206 2603 modo

420 2644 599 2708 Divertium
624 2679 665 2689 -
688 2643 772 2708 iuter
794 2665 850 2708 uos
872 2665 992 2728 parem.

509 2749 648 2834 [iueeuie
672 2750 709 2831 B,
733 2749 891 2814 iueeae'um
915 2748 1031 2836 ceteri]

313 2857 385 2924 Non
420 2858 534 2922 mirum
571 2860 619 2921 est
653 2857 686 2921 in
722 2856 838 2922 Bacch.
864 2857 906 2922 36
937 2858 1147 2923 indicativum
1173 2859 1327 2937 adhiberi,

207 2989 278 3032 eum
313 2966 409 3044 faetta
443 2973 478 3029 ut
511 2965 672 3029 subvenias
706 2965 791 3028 idem
826 2964 868 3027 sit
894 2965 978 3048 quod
1013 2965 1180 3029 subuenite.
1232 2965 1275 3030 nt
1298 2966 1328 3029 in

206 3072 299 3138 True.
337 3075 401 3138 419
440 3073 575 3138 fortasse
614 3093 723 3136 verum
771 3075 819 3134 est
857 3070 1024 3135 iuueuiam.
1087 3070 1328 3138 Coniunctivum

208 3186 315 3245 autem
350 3180 517 3264 provenire
553 3200 645 3262 posse
679 3181 712 3242 et
734 3179 860 3262 regenti
884 3179 1061 3242 sententiae
1087 3182 1121 3242 et
1143 3181 1244 3245 verbo
1267 3178 1327 3264 pri·

207 3287 326 3352 mariae
351 3284 527 3351 sententiae
552 3285 794 3349 antecedentem
819 3285 958 3348 ostendit
980 3289 1024 3362 (v.
1048 3306 1081 3368 p.
1108 3285 1187 3367 160)

207 3393 306 3460 Mero.
324 3394 398 3460 344.
423 3392 527 3477 Neque
556 3397 716 3477 isquam
740 3398 843 3475 repet
866 3392 944 3476 quid
967 3391 1079 3476 loquar
1101 3390 1308 3477 capitatumst.

314 3531 356 3601 α’.
404 3534 460 3599 Bis
494 3533 679 3618 temporalis
712 3521 881 3597 sententie¹
903 3534 988 3597 inter
1011 3533 1200 3616 primariam
1225 3539 1258 3599 et
1280 3556 1327 3598 re·

207 3649 337 3728 gentem
360 3642 552 3706 sententiam
576 3641 680 3725 posita
704 3644 762 3704 est.

206 3749 289 3815 Rud.
307 3749 369 3814 557
374 3799 380 3813 .
417 3749 472 3813 uei
495 3747 619 3832 quidem
643 3748 746 3831 edepol
772 3748 899 3831 copiast,

420 3855 520 3919 Dum
544 3856 653 3939 linqua
676 3857 788 3935 uiuet,
813 3857 868 3939 qui
890 3874 960 3916 rem
983 3853 1083 3916 soleas
1106 3855 1261 3920 omuibus.

316 4050 334 4118 ¹)
351 4052 387 4104 In
406 4052 454 4104 Ae.
468 4049 529 4104 371.
544 4064 638 4118 pupae
657 4048 759 4102 malm
776 4048 801 4101 ei
820 4047 870 4100 tibi
883 4062 1056 4116 percussero,

549 4136 618 4192 Mea
645 4154 740 4205 quoue
764 4136 898 4190 Sauream
917 4134 1095 4198 imitabor,
1115 4139 1207 4189 caveto
1226 4154 1260 4190 ue
1278 4151 1331 4190 era.

657 4241 769 4280 eeueeae.

207 4318 374 4384 temporalis
394 4317 539 4370 sententie
559 4316 689 4384 proxime
703 4315 866 4369 condicioni
878 4313 903 4367 ei
916 4343 949 4352 -
964 4328 1124 4381 percussero
1137 4313 1330 4382 subiungitur.
