3076 5190
669 561 862 631 -140-

204 733 322 806 Bacch.
340 741 393 806 66.
418 741 578 805 Peaetrem
601 763 650 805 me
678 741 774 806 taius
800 744 885 806 modi
919 745 953 806 ia
985 745 1258 828 palaestram,
1281 740 1324 809 ua

523 849 648 912 damnis
670 849 988 914 desudasa'tur?

311 978 360 1046 De
384 982 593 1046 coniunctivis
617 983 672 1066 qui
696 988 873 1067 sequuntur
897 1007 924 1048 v.
950 1007 1047 1068 supra
1072 989 1106 1069 p.'
1134 987 1214 1051 133.

206 1105 297 1172 Gurc.
315 1108 390 1171 494.
416 1107 503 1191 Eqan
528 1107 567 1169 ab
590 1108 730 1171 leucae
752 1110 916 1194 quicquam

418 1213 579 1298 Mancipio
603 1215 763 1298 accipiam,
785 1215 931 1300 quibus
954 1219 1005 1280 sui
1027 1218 1076 1279 aa
1100 1224 1161 1280 cst
1185 1219 1326 1282 nisiaea

498 1321 660 1406 dinque?

563 1425 730 1511 [accipiam
739 1451 750 1491 :
773 1449 853 1492 corr.
880 1427 972 1514 Pius]

319 1535 394 1599 616.
420 1534 519 1597 Mean
549 1536 712 1597 ancilla
746 1535 842 1598 libera
877 1544 912 1598 ut
946 1537 996 1616 sit,
1023 1557 1143 1620 quam
1168 1559 1225 1620 aaa
1247 1559 1326 1602 auia

524 1663 620 1725 qaam
643 1643 759 1704 emisi
784 1643 905 1706 mauu?

313 1774 491 1840 Pronomen
515 1775 666 1839 correlati
690 1775 759 1839 loco
783 1779 841 1840 est.

312 1907 428 1973 Rarius
460 1909 525 1972 ind.
551 1931 609 1973 usu
644 1909 741 1983 venit,
778 1910 832 1973 ubi
869 1910 953 1974 idem
986 1913 1034 1973 est
1058 1911 1232 1996 utriusque
1256 1917 1327 1976 sent.

206 2016 401 2080 subiectum:

206 2122 301 2186 Most.
319 2122 394 2186 301.
423 2121 551 2205 169000
587 2123 619 2185 id
652 2123 840 2206 exprobrem,
869 2125 938 2207 qui
972 2123 1111 2187 mihimet
1148 2129 1271 2210 cupio
1304 2125 1332 2186 id

526 2225 847 2313 o<p>prab<r>arier‚

421 2335 487 2398 Nec
512 2372 550 2380 —
577 2336 675 2399 locavi
698 2337 766 2398 —?

207 2442 262 2526 qui
297 2443 487 2506 indicativus
523 2443 567 2506 rei
604 2444 771 2506 veritatem
808 2443 959 2508 intendit:
1000 2443 1075 2522 „der
1098 2444 1151 2507 ich
1178 2445 1332 2510 vielmehr

209 2548 356 2614 wiinsche
383 2550 440 2594 -“

209 2673 300 2738 Ourc.
322 2675 395 2737 119.
420 2673 532 2755 Eqan
556 2675 643 2737 salva
667 2677 735 2747 sim,
761 2678 936 2760 quaesiti
959 2677 1040 2738 sicca
1063 2676 1176 2739 sum?
1222 2744 1225 2749 ,

210 2798 262 2863 u'bi
304 2798 438 2861 eiusdem
473 2797 554 2861 verbi
597 2798 787 2863 indicativus
827 2799 1027 2864 coniunctivo
1060 2801 1248 2882 opponitur.
1299 2797 1332 2862 Iu

211 2903 326 2988 Amph.
351 2904 390 2968 77
417 2906 547 2969 verbum
571 2905 720 2969 omissum
746 2909 803 2970 est.

211 3038 349 3102 Perfecti
373 3038 437 3102 ind.
463 3038 566 3101 estin

210 3162 279 3226 Cas.
306 3163 380 3226 701.
424 3161 511 3225 Nam
534 3182 591 3224 cui·
615 3184 676 3225 aaa
701 3184 753 3247 eqo
777 3164 818 3226 id
837 3172 1011 3248 perpetrem
1034 3162 1136 3248 quad
1159 3163 1299 3247 coepi?

434 3265 526 3352 [icum
550 3289 645 3352 quam
669 3268 697 3332 A
722 3270 844 3347 incert,
870 3291 946 3333 uam
969 3291 1027 3333 cur
1051 3267 1093 3354 P]

210 3393 293 3477 quad
317 3413 362 3456 ex.
386 3411 405 3454 a
429 3392 620 3456 coniunctivi
644 3394 799 3477 exemplis
823 3393 891 3458 Mil.
910 3395 974 3458 554
998 3397 1031 3458 at
1055 3395 1118 3458 556
1143 3394 1256 3459 differt
1280 3395 1334 3459 ad·

212 3499 278 3563 dito
314 3499 469 3563 correlato
505 3501 546 3580 id,
582 3521 644 3582 quo
678 3501 718 3564 ad
741 3499 963 3585 explicativam
987 3500 1179 3565 sententiam
1204 3502 1336 3586 propius

211 3606 380 3672 adducitur
402 3606 452 3686 (id
474 3607 556 3690 quoa
578 3610 661 3692 coepi
675 3634 715 3660 =
729 3606 895 3672 consilium
920 3608 1046 3686 aecum).

319 3712 416 3777 Paulo
448 3712 574 3796 saepius
610 3713 801 3779 indicativus
834 3718 989 3792 servatur,
1014 3714 1069 3777 ubi
1092 3735 1186 3778 suum
1212 3719 1262 3778 cst
1286 3719 1336 3780 ut·

212 3821 338 3904 riusque
362 3819 539 3884 sententiae
564 3821 752 3900 subiectum,
777 3821 966 3904 praesertim
990 3821 1017 3884 si
1041 3843 1103 3884 non
1128 3819 1167 3884 de
1190 3820 1337 3886 subiecto

212 3927 353 4012 regentis
378 3927 554 3989 sentcntiae
578 3927 611 3989 in
635 3927 823 3991 secundaria
847 3927 964 4011 agitur.

213 4050 268 4116 Aa.
293 4051 345 4115 94.
427 4050 502 4114 Tea
527 4072 579 4134 eqo
601 4051 773 4133 defrudata,
807 4053 900 4136 quai
929 4053 990 4134 ipsi
1015 4052 1060 4115 nil
1083 4060 1140 4114 est
1163 4049 1200 4115 in
1223 4072 1336 4130 mauu,

426 4156 501 4220 Nisi
523 4158 600 4241 quid
623 4164 657 4220 tu
678 4179 773 4242 parra
796 4177 925 4222 acorem
948 4157 1194 4239 defeudaverit?

214 4262 398 4327 Persa747.
427 4263 518 4326 Taua
542 4284 593 4346 eya
617 4284 722 4342 cuasa,
747 4264 913 4344 carausec,
