3076 5190
676 544 851 607 ..42-

244 725 248 733 '
312 720 397 786 Nam
421 723 623 786 continuatur
647 721 792 787 absoluta
817 723 965 805 periodus
988 722 1085 788 haee:

420 828 482 892 ebt
506 837 602 893 tecum
627 828 849 893 coniunctus
872 829 971 908 377777,

207 933 272 998 'Ubi
295 956 373 998 777773
396 956 542 1019 nequeam
558 934 643 1016 ferre
656 933 789 1019 puriter,
814 935 959 1000 77777777
981 958 1034 1019 797
1057 934 1168 1000 73777773
1191 936 1228 1000 ire
1254 939 1331 1002 luto.

315 1057 376 1123 Sed
400 1081 463 1123 non
486 1059 580 1123 aliter
604 1064 786 1143 comparata
810 1065 897 1124 sunt:

207 1164 324 1248 Amph.
344 1165 418 1231 675.
444 1163 554 1248 Μ7973
588 1185 671 1228 nune
707 1161 794 1248 <7777>
831 1186 931 1229 meum
970 1166 1111 1249 officium
1144 1167 1261 1251 faeere,
1298 1169 1333 1234 37

548 1270 620 1334 dete
643 1292 718 1333 eam
743 1262 931 1350 7777773777ηῇ
944 1271 1091 1337 arbitror.

378 1375 519 1461 [faceres
542 1376 640 1452 BDE,
666 1397 749 1439 ·rem
771 1375 800 1439 37
824 1375 902 1456 IFZ,
929 1401 973 1443 -re
995 1379 1024 1444 37
1048 1378 1153 1465 Gen]

207 1489 251 1548 st.
276 1485 351 1550 419.
443 1483 519 1564 Ε77,
544 1482 573 1547 se'
596 1504 648 1567 797
671 1491 788 1547 taceam
812 1506 861 1548 377
884 1486 1004 1570 loquar,
1029 1486 1092 1550 3777
1115 1486 1196 1552 seire
1220 1496 1259 1554 te.

591 1587 671 1673 [3777
692 1589 733 1667 Α,
758 1613 807 1654 see·
830 1590 932 1676 BOD]

313 1698 373 1762 Ex.
399 1697 478 1762 Oist.
504 1698 576 1761 147.
601 1697 719 1760 venerit
742 1697 787 1761 nil
811 1699 958 1762 concludi
982 1703 1095 1783 potest,
1122 1701 1168 1765 nil
1192 1724 1243 1766 ex.
1270 1701 1328 1767 As.

207 1804 269 1869 377
295 1802 448 1868 merueris
470 1805 503 1867 in
528 1803 743 1887 comparativa
767 1805 935 1869 sententia.

312 1943 354 2011 ΙΙ.
401 1945 703 2010 Coniunctivus
741 1949 773 2011 in
813 1949 990 2026 sententiis,
1018 1970 1100 2032 quae
1134 1950 1173 2013 in
1211 1953 1329 2016 rebus

166 2128 170 2139 ¹
205 2054 308 2117 veris
343 2054 537 2137 certisque
572 2057 748 2119 versantur.

314 2171 343 2234 1.
390 2167 427 2233 In
451 2171 625 2234 sententias
654 2170 857 2234 relativas
892 2171 919 2234 si
954 2172 1081 2255 quando
1105 2174 1329 2238 coniunctivus

204 2276 344 2360 irrepsit,
369 2281 424 2341 aut
446 2277 583 2341 causalis
607 2281 662 2342 aut
686 2277 866 2342 concessiva
889 2282 938 2342 est
962 2279 1155 2344 coniunctivi
1178 2280 1236 2345 vie.

207 2392 261 2457 As.
288 2393 363 2457 658.
418 2393 499 2457 Non
516 2414 567 2477 797
584 2401 611 2457 te
633 2391 698 2478 9777
721 2415 793 2456 erus
809 2392 862 2457 sis
877 2393 956 2457 7777777
972 2416 1050 2458 onus
1064 2393 1146 2459 e'stue
1161 2395 1327 2463 3737777777.

206 2499 300 2565 Poen.
319 2501 393 2565 233.
419 2498 554 2583 Mirolr]
577 2499 726 2585 equidem,
752 2522 850 2582 soror,
876 2509 903 2564 te
925 2500 1021 2565 istaec
1043 2501 1087 2564 se'e
1109 2501 1266 2584 fabulari,

422 2606 521 2687 Quae
544 2615 609 2671 tum
632 2605 750 2670 77777777
773 2615 800 2671 et
823 2609 912 2671 doctu
934 2611 986 2672 se's
1010 2616 1037 2672 et
1058 2608 1170 2691 facete.

205 2712 288 2779 Rud.
313 2713 388 2781 537.
418 2713 497 2778 Iure
520 2721 644 2799 optumo
666 2735 714 2778 me
738 2712 848 2778 7777337
871 2713 1019 2778 arbitror.
1037 2714 1050 2797 ΙΙ

422 2820 509 2902 Qui?
523 2821 535 2904 ΙΙ
553 2820 624 2901 Qui
638 2817 642 2908 t
660 2822 830 2885 auderem
855 2829 951 2885 tecum
974 2821 1010 2886 e'rr
1026 2844 1133 2886 77777777
1149 2824 1323 2889 ascendere.

208 2925 292 3012 [Qui
315 2927 355 3004 A,
380 2927 456 3014 quia
480 2929 587 3004 ceteri,
613 2929 696 3012 quod
720 2929 842 3012 recepit
858 2928 984 2993 Schoell
1000 2930 1106 2994 addito
1125 2926 1198 3014 (id)
1217 2929 1326 2995 hiatus

206 3036 347 3100 evitandi
370 3057 474 3100 eausa.
522 3034 638 3099 Melius
662 3034 744 3100 Leo:
773 3034 828 3120 que'
854 3032 1159 3120 <7777>7777717ν7777.]

313 3163 343 3225 2.
390 3159 428 3224 In
453 3162 573 3225 duobus
598 3160 752 3244 exemplis
776 3161 816 3224 ad
839 3161 1022 3245 negativam
1039 3161 1090 3226 vel
1106 3163 1326 3228 tantummodo

206 3269 378 3353 cogitatam
414 3267 574 3331 notionem
610 3267 813 3345 coniunctivi,
839 3268 894 3350 qui
918 3273 967 3332 est
989 3269 1023 3331 in
1047 3268 1199 3352 primario
1223 3290 1326 3333 enun-

205 3376 296 3453 tiato,
331 3376 377 3439 ita
412 3375 606 3439 assimilatur
640 3374 923 3458 comparativa
957 3375 1126 3448 sententia,
1163 3378 1198 3438 ut
1231 3375 1266 3439 in
1291 3398 1325 3440 re

204 3483 423 3548 tantummodo
447 3483 589 3567 cogitata
612 3482 759 3546 videatur
782 3482 912 3546 versari.
961 3481 1105 3546 Conferri
1131 3482 1231 3567 igitur
1249 3504 1325 3566 pos·

205 3595 279 3655 suut
302 3612 411 3654 versus
435 3588 522 3654 Trin.
549 3589 678 3653 175—6
702 3611 734 3672 p.
759 3589 800 3653 27
825 3588 925 3653 allati.

205 3713 301 3780 Poen.
319 3716 394 3781 276.
422 3713 508 3795 Quid
541 3712 666 3793 debetis,
691 3712 745 3799 qui
777 3735 865 3796 777797
887 3712 1078 3777 immortales
1101 3735 1152 3777 773
1175 3715 1324 3777 credam

524 3842 595 3898 7337,
620 3842 727 3906 quam
750 3842 811 3903 797
834 3819 948 3884 siem?

206 3929 341 4015 (cogitat
377 3950 466 3993 nosue
500 3936 535 3991 ut
569 3949 657 4011 7777797
691 3927 882 3992 immortales
916 3926 987 3991 sitis
1018 3949 1112 4012 9777777
1136 3949 1188 4011 797
1210 3926 1324 4011 3777777)

208 4035 268 4102 Sed
305 4037 331 4100 si
354 4038 445 4100 eredo
468 4035 689 4100 substituimus
713 4056 770 4117 pro
794 4034 926 4111 eredere,
952 4035 1048 4098 etiam
1071 4056 1141 4098 377777
1164 4056 1222 4118 pro
1247 4033 1324 4098 se'em

205 4144 421 4208 adhibendum
445 4149 507 4207 est:
533 4143 624 4223 (uere)
648 4143 738 4210 eredo
762 4162 812 4204 773
827 4141 928 4226 7777973
943 4140 1135 4211 immortales
1150 4162 1212 4204 esse
1228 4163 1323 4235 9777777

205 4273 257 4341 797
280 4273 359 4318 sum.
