3076 5190
676 593 867 658 -101-

214 771 312 837 Persa
341 772 392 836 16.
429 769 666 854 Osapair‘su'o,
701 768 751 833 dei
774 778 878 834 umeut
901 778 938 834 tc.
956 768 1013 851 ΙΙΟ
1040 769 1156 847 Touile,
1192 773 1335 836 dubunt

533 876 568 940 di
591 899 685 962 quae
708 884 862 961 exoptes,

212 1005 281 1068 iure
306 1003 480 1086 quaeritur,
512 1008 619 1067 utrum
643 1002 862 1066 ¹coniunctivus
886 1023 920 1065 re
944 1024 1020 1066 vers
1044 1025 1083 1066 ex
1107 1002 1333 1067 assimilatione

213 1111 375 1175 modorum
410 1113 498 1173 ortus
532 1110 574 1172 sit
609 1132 649 1173 an
685 1132 742 1193 per
769 1131 803 1172 se
826 1130 883 1172 suo
905 1109 976 1173 loco
999 1110 1040 1172 sit
1063 1109 1096 1172 in
1120 1110 1333 1174 universali

212 1218 371 1280 sententis
395 1216 538 1280 relativa.
569 1256 602 1264 -

319 1322 465 1388 Schmalz
500 1344 584 1386 nunc
618 1323 687 1406 ipse
723 1322 847 1386 reiiecit
882 1323 924 1401 id,
960 1323 1045 1407 quod
1081 1324 1113 1387 iu
1137 1324 1243 1406 priore
1267 1323 1333 1387 edi·

211 1431 298 1494 tione
312 1427 335 1506 ¹)
360 1430 398 1493 de
422 1429 589 1493 sententiis
613 1452 632 1492 a
655 1427 806 1514 quisquis,
828 1429 1013 1514 quicumque
1030 1434 1089 1493 etc.
1106 1430 1333 1512 incipientibus

212 1537 432 1601 contenderat:
460 1536 552 1615 „dass
575 1557 636 1598 eur
652 1535 895 1618 Hervorbebuuq
922 1536 979 1599 der
998 1535 1334 1620 verullqemeiuerudeu
1371 1584 1374 1592 .

212 1642 400 1726 Bedeutuup
434 1642 507 1705 bald
540 1641 620 1704 urieli
654 1640 767 1706 wieder
801 1643 857 1705 der
885 1641 1089 1737 Konjunktir
1116 1641 1242 1723 eiutrut,
1267 1644 1334 1707 also

215 1749 304 1812 Triu.
330 1749 428 1812 437⁸.
475 1744 512 1810 ln
549 1747 651 1811 altera
687 1748 771 1811 enim
807 1748 944 1811 editione
974 1746 1034 1812 hoc
1064 1749 1177 1812 statuit
1187 1745 1230 1830 ²):
1268 1771 1334 1828 „uro

210 1854 270 1919 uir
303 1854 349 1919 im
384 1855 495 1918 Altlut.
532 1854 607 1920 oder
641 1852 675 1918 iu
711 1856 766 1918 der
800 1855 894 1918 leluss.
924 1853 1085 1919 Letiuitdt
1109 1891 1151 1900 —
1175 1856 1252 1919 uoclc
1274 1857 1334 1920 deu

211 1961 307 2046 Kouj.
331 1962 446 2044 puden,
459 1959 502 2024 ist
525 1961 657 2024 dersetbe
681 1961 778 2023 duret
804 1961 987 2024 Attrulrte'ou
1012 1962 1085 2024 oder
1108 1960 1176 2025 eine
1191 1961 1334 2027 dbule'clre

218 2067 353 2132 Ursuebe
386 2069 593 2133 ceraurassu.
641 2067 703 2131 Sed
738 2068 822 2131 idem
848 2091 867 2130 a
889 2089 965 2133 vero
995 2068 1091 2152 longe
1116 2070 1254 2144 aberrat,
1278 2071 1333 2153 qni

210 2176 413 2255 universalia,
435 2197 516 2258 quae
541 2175 699 2249 dicuntur,
725 2175 910 2258 pronomina
935 2173 1091 2260 (quisquis
1115 2175 1190 2258 etc.)
1214 2198 1233 2239 a
1256 2176 1332 2239 sim·

210 2282 347 2364 plicibus
371 2282 514 2347 relativis
538 2281 777 2365 pronominibus
801 2282 848 2345 ita
865 2282 1032 2346 discernit:
1060 2280 1248 2346 “dereud
1265 2303 1332 2346 uuu

210 2389 268 2452 dus
303 2388 435 2469 Relatis,
471 2410 561 2452 rcerru
585 2410 615 2452 es
639 2387 707 2452 eiue
729 2387 1042 2472 cerullperuec'uerude
1065 2388 1253 2473 Bedeutuup
1276 2411 1331 2452 uu·

210 2498 315 2576 uelim,
340 2495 406 2560 sict
429 2494 486 2559 ruit
509 2497 578 2559 dem
602 2495 702 2579 Kouj.
726 2516 800 2558 euru
821 2495 1008 2559 Ausdruclce
1029 2494 1130 2558 dieser
1145 2496 1333 2580 Bedeutuup

209 2603 354 2680 verbane,
391 2603 536 2666 bruucbte
570 2622 646 2665 mnu
681 2623 711 2665 es
746 2600 793 2664 tu·
827 2601 969 2688 quisquis
1002 2610 1055 2666 etc.
1080 2601 1175 2676 uicti,
1210 2603 1278 2667 uud
1299 2623 1333 2666 so

209 2711 329 2774 werden
353 2711 434 2773 denu
459 2707 542 2772 deese
566 2707 772 2773 Relativsc'itee
794 2707 832 2772 iu
854 2709 911 2772 deu
936 2709 1009 2773 Iud.
1032 2710 1176 2792 qesctud.
1213 2708 1332 2774 Contra

210 2839 291 2900 quae
312 2839 375 2881 non
401 2816 511 2880 dubito
535 2815 683 2899 equidem
707 2815 876 2894 affirmare,
896 2816 1087 2898 ubicumque
1103 2837 1161 2898 pro
1177 2816 1332 2881 eiusmodi

210 2924 382 3006 composito
408 2923 591 3005 pronomine
615 2921 752 3005 simplex
773 2943 861 3005 pron.
879 2922 935 2987 rel.
953 2923 1146 2986 substituere
1163 2923 1330 3016 possimus,

128 3094 133 3099 .
210 3030 344 3094 eundem
369 3029 498 3093 modum
522 3051 590 3092 esse
614 3029 814 3092 retinendum
828 3023 864 3110 ⁸).
892 3066 928 3077 -
954 3025 1028 3092 Non
1051 3028 1123 3092 ideo
1139 3028 1240 3113 igitur
1256 3050 1331 3093 con·

209 3137 368 3200 iunctivus
401 3137 434 3199 in
463 3137 583 3200 duobus
608 3136 672 3199 illis
696 3159 745 3200 ex.
771 3135 827 3200 As.
852 3136 916 3200 623
941 3138 974 3199 et
997 3134 1095 3199 Persa
1120 3135 1161 3198 16
1185 3157 1241 3199 suo
1264 3136 1333 3201 loco
1423 3116 1427 3125 Ι

317 3329 336 3398 ¹)
354 3330 494 3396 Schmelz,
514 3331 574 3384 Lat.
595 3330 675 3397 Synt.
695 3330 731 3382 ed
750 3331 764 3382 1
783 3329 800 3396 ξ
819 3329 880 3383 239.

317 3418 337 3484 ²)
355 3419 494 3487 Schmalz,
515 3421 544 3472 L.
565 3420 591 3472 S.
612 3420 656 3472 ed.
675 3420 705 3471 11
723 3418 740 3485 ξ
759 3419 820 3472 239.

315 3507 335 3575 ³)
352 3511 388 3562 In
407 3510 456 3562 As.
475 3509 518 3562 29.
538 3507 594 3561 Dic
612 3507 718 3562 obsecro
737 3507 822 3561 berete
840 3507 910 3561 serio
929 3506 1013 3574 quod
1034 3511 1058 3560 te
1075 3523 1194 3575 copem,

208 3599 341 3665 equidem
370 3598 452 3651 illum
471 3599 486 3650 I
504 3610 645 3664 personae
667 3598 884 3651 coniunctivum
904 3596 1061 3650 voluntatis
1080 3613 1213 3663 agnosco,
1233 3599 1281 3663 qui
1301 3599 1331 3650 in

208 3688 348 3740 absolutis
377 3688 531 3740 sententiis
559 3687 636 3754 apud
664 3687 797 3739 Plautum
826 3688 963 3752 frequens
992 3690 1044 3752 est,
1073 3702 1090 3739 a
1116 3702 1194 3738 mera
1213 3687 1331 3739 notione

208 3776 326 3829 futurali
355 3777 503 3843 paululum
531 3776 643 3828 distans
670 3775 723 3843 (cfr
752 3776 828 3828 Men.
853 3775 922 3828 1105
950 3774 1020 3843 quod
1038 3773 1157 3842 ropabo):
1189 3791 1264 3828 <was
1283 3776 1329 3827 ioh

207 3866 274 3918 dioh
294 3867 395 3930 fragen
415 3865 498 3918 will».
541 3865 592 3918 on
611 3867 668 3917 Leo
687 3880 712 3917 a.
732 3865 759 3917 l1.
780 3865 797 3917 l.

314 3955 350 4007 In
369 3954 408 4007 St.
422 3953 483 4007 362.
503 3952 591 4007 Immo
610 3969 653 4005 ree
671 3951 759 4007 omnis
777 3952 886 4005 relictas
901 3952 982 4006 babeo
998 3969 1065 4019 pree
1084 3950 1168 4020 quod
1187 3954 1217 4005 tu
1235 3951 1330 4016 relic,

208 4044 410 4097 coniunctivus
438 4048 484 4096 est
510 4041 584 4106 uelis,
613 4043 661 4108 qui
690 4046 722 4095 ut
750 4043 780 4094 in
808 4042 947 4094 absolutis
968 4042 1122 4094 sententiis
1142 4057 1223 4093 suam
1242 4042 1332 4094 habet

207 4133 267 4186 vim
286 4133 483 4199 potentialem,
502 4133 630 4198 itemque
648 4130 733 4184 reoliru
752 4132 783 4182 in

296 4222 402 4288 Amph.
421 4221 495 4274 439.»
513 4219 577 4274 Ubi
596 4236 642 4288 eqo
661 4218 740 4274 Sosia
758 4219 863 4272 nolim
881 4234 946 4282 esec,
966 4222 996 4272 tu
1014 4222 1068 4272 ecto
1086 4234 1151 4272 saue
1170 4217 1259 4282 Sosia,

207 4311 322 4366 etiamsi
341 4311 432 4366 futuri
451 4311 640 4365 indicativum
660 4313 812 4379 exspectes
831 4314 995 4380 comparato
1015 4310 1066 4380 Ep.
1086 4308 1147 4364 595.
