3076 5190
677 592 868 656 -189-

315 792 397 854 quae
421 771 564 854 sequitur
587 771 620 833 in

206 877 259 942 Ps.
286 878 361 943 683.
422 878 518 941 Stulti
540 876 719 941 hauseimus
741 876 866 958 frustra
889 885 924 940 ut
946 874 1105 958 s[e]iuaus‚
1134 897 1226 961 quoru
1252 877 1329 961 quid

528 985 686 1067 cupienter
708 984 781 1046 dori

423 1091 561 1155 Petimus
584 1089 671 1154 uotis

209 1197 406 1281 [teuseimus
429 1193 470 1276 A,
494 1197 580 1261 haud
595 1196 712 1261 seimus
735 1196 770 1275 P;
795 1197 877 1282 quod
899 1196 984 1272 libri,
1001 1195 1079 1280 quid
1094 1196 1233 1279 Lipsius.
1272 1195 1329 1261 cfr

605 1302 676 1368 (tas.
701 1303 765 1367 618
788 1326 820 1387 p.
848 1300 939 1387 137]

315 1439 346 1503 3.
393 1437 541 1503 Relativa
563 1438 722 1501 sententia
734 1433 770 1518 ¹),

315 1584 397 1646 quae
421 1562 505 1625 inter
521 1561 706 1644 primariam
723 1566 756 1624 et
771 1564 935 1642 regentem
953 1560 1143 1624 sententiam
1159 1561 1264 1643 posita
1280 1564 1329 1623 est

207 1667 294 1734 Men.
320 1670 394 1735 972.
424 1669 614 1732 Recordetur
639 1669 681 1748 id,
706 1669 768 1752 qui
792 1665 909 1731 uiuite·
931 1674 1033 1746 suut,
1049 1668 1127 1751 quid
1148 1664 1225 1749 fflJis
1244 1665 1329 1750 preti

421 1775 526 1839 Detur
549 1775 588 1838 ut
610 1773 678 1838 suis
701 1777 772 1839 eris.
819 1773 875 1839 (tfr
899 1797 929 1857 p.
955 1772 1007 1836 84.

209 1882 285 1948 cist.
323 1883 374 1948 12.
421 1879 777 1967 Lubenti[que]‘edepot
800 1879 906 1944 auimo
929 1880 1051 1961 fuctum
1073 1888 1101 1943 et
1122 1881 1174 1962 fiet
1197 1901 1217 1942 u
1240 1900 1297 1959 me,

422 1988 521 2067 Quae
544 2009 595 2052 ros
618 1987 788 2052 arbitror
811 1988 897 2069 uelle,
921 2009 957 2050 eu
980 1995 1015 2051 ut
1038 1983 1278 2071 expetes<sem>.

209 2093 246 2159 In
282 2096 341 2159 hoe
376 2096 522 2178 exemplo
546 2096 724 2178 praesentis
747 2096 938 2159 indicativus
961 2093 1103 2158 ertitror
1126 2094 1246 2158 servari
1271 2116 1327 2177 po·

208 2206 281 2280 test,
295 2203 371 2286 quia
392 2203 516 2284 fuctum
539 2211 567 2265 et
588 2203 640 2285 fiet
663 2225 684 2266 a
706 2224 754 2267 me
776 2202 859 2266 idem
885 2205 933 2266 est
956 2202 1039 2286 quod
1063 2222 1180 2285 semper
1201 2199 1238 2283 fit
1254 2201 1327 2278 (ite-

208 2310 311 2373 rativa
335 2309 505 2392 periodus).
550 2309 646 2373 Metri
671 2331 766 2373 eausa
789 2310 927 2374 editores
951 2309 1032 2373 alius
1056 2309 1119 2373 alio
1142 2308 1234 2372 modo
1257 2329 1328 2372 eor·

209 2421 367 2491 rexerunt,
417 2420 453 2481 ut
499 2420 686 2481 tetrameter
725 2416 915 2481 bacehiaaus
953 2417 1142 2494 efficeretur,
1183 2451 1223 2460 -
1263 2420 1327 2479 Leo

207 2523 381 2587 seeundum
405 2522 622 2589 (temerarium
647 2520 877 2608 arbitr<ub>or.
924 2522 987 2586 Sed
1011 2545 1074 2586 non
1090 2521 1215 2586 felicius
1231 2543 1327 2605 quam

207 2651 305 2712 supra
328 2630 361 2692 in
385 2629 436 2693 Ps.
463 2631 526 2695 949
558 2630 659 2694 Immo
681 2629 710 2694 si
733 2627 903 2715 effici<e>s
949 2626 1033 2693 Nam
1057 2633 1093 2693 ut
1116 2628 1182 2693 illie
1205 2629 1251 2692 ita
1274 2627 1328 2692 hie

208 2739 344 2800 metrum
376 2737 480 2820 ipsum
504 2737 626 2813 suadet,
653 2742 688 2801 ut
711 2738 855 2802 codicum
878 2738 1048 2800 lectionem
1071 2739 1246 2802 teneamus.
1293 2732 1327 2800 Si

208 2842 292 2906 enim
317 2843 454 2927 legimus

368 2949 454 3028 Quae
476 2950 528 3013 ods
551 2950 690 3014 urtitrdr
712 2951 795 3030 uelle,
860 2971 897 3014 eu
920 2958 954 3013 ut
977 2951 1167 3032 expetissem

208 3056 301 3139 plane
339 3056 424 3120 idem
464 3055 567 3120 solum
607 3055 795 3121 Reizianum
833 3056 954 3122 claudit
991 3077 1100 3120 versus
1140 3055 1326 3120 baeohiaros

209 3163 349 3239 11-13,
374 3163 407 3226 in
430 3163 515 3246 quod
540 3164 629 3228 brevi
654 3167 727 3227 ante
752 3168 869 3228 exeunt
892 3162 1055 3228 bacehiaei
1079 3185 1108 3226 v.
1134 3162 1220 3226 1-4

292 3267 356 3349 Qui
378 3268 480 3352 metpe's
498 3268 666 3354 potueritis
754 3269 833 3334 mist
856 3270 999 3334 tenerem
1023 3269 1073 3333 ire
1094 3269 1242 3333 tdtitum.

314 3389 465 3476 Sequitur
488 3393 544 3457 rel.
569 3397 651 3458 sent.
674 3394 708 3457 in
732 3393 882 3459 iterativa
904 3392 1052 3476 periodo:

207 3497 260 3563 Ps.
296 3498 371 3563 849.
429 3499 541 3563 Verum
563 3521 624 3583 pro
645 3498 746 3584 pretio
768 3498 853 3581 faeie
875 3507 911 3564 ut
933 3520 1027 3583 opera
1049 3508 1201 3583 appareat

421 3605 507 3685 Mea,
532 3627 605 3690 quo
628 3608 796 3670 conductus
818 3609 941 3687 verrio,

603 3711 707 3796 [verrio
732 3712 772 3793 A,
795 3711 865 3776 veui
888 3710 930 3797 P]

206 3839 288 3902 quae
312 3822 393 3882 sent.
418 3819 549 3903 insuper
572 3820 806 3884 substantivum
828 3820 930 3904 pretio
953 3821 1102 3904 explieat.

313 3952 344 4015 4.
392 3951 441 4016 Do
466 3974 569 4036 comp.
594 3956 675 4018 sent.
699 3954 816 4018 Bacch.
842 3954 907 4019 400
931 3976 960 4018 v.
985 3977 1016 4037 p.
1043 3955 1115 4020 173.

314 4125 334 4193 ¹)
351 4128 492 4182 Absoluta
511 4133 557 4182 est
574 4129 624 4182 rel.
644 4134 727 4197 sent,
746 4145 763 4182 a
782 4146 838 4196 qua
856 4130 992 4196 periodus
1011 4129 1113 4197 incipit
1130 4130 1162 4182 in

207 4217 285 4272 urin.
304 4216 366 4269 288.
406 4215 483 4285 Quod
510 4233 596 4270 mauu
622 4234 678 4272 uou
704 4221 808 4286 queunt
834 4221 952 4287 torpere,
972 4221 1078 4273 tautum
1090 4217 1143 4287 fas
1160 4218 1258 4272 habeut
1275 4235 1327 4291 quo

685 4322 784 4364 murus
800 4305 965 4381 apstiueaut.
