3076 5190
673 576 869 641 -196-

212 755 430 821 socundariam
454 758 536 820 sent.
553 758 585 818 et
600 759 765 838 regentem
783 754 1031 818 coniunctivum.
1048 789 1088 799 —
1105 751 1332 818 Coniunctivns

212 863 311 928 semel
344 864 378 927 in
411 861 579 945 temporali
604 866 695 937 sent,
720 883 802 945 quae
835 861 961 944 regenti
985 861 1166 925 sententiae
1190 862 1333 944 proxime

213 970 383 1045 antecedit,
408 969 594 1033 adhibetur:

213 1094 311 1158 Mero.
328 1094 393 1159 344
428 1092 537 1173 Neque
560 1091 590 1155 ia
612 1112 723 1172 quom
750 1096 865 1172 repet
888 1090 967 1172 quid
988 1091 1103 1172 loquar
1125 1091 1334 1173 cupidatum.

213 1199 249 1265 ln
273 1199 361 1264 Trin.
388 1201 450 1265 157
475 1200 501 1262 si
525 1199 607 1264 coni.
625 1199 843 1282 agnoscendus
865 1203 922 1277 est,
940 1198 1137 1283 potentialis,
1155 1200 1262 1278 credo,
1281 1203 1334 1263 est

319 1482 538 1549 Subiunctioni
562 1481 682 1567 aliquid
706 1482 910 1546 tribuendum
935 1504 1003 1546 esse
1028 1504 1067 1546 ex
1085 1481 1146 1547 boc
1163 1487 1336 1567 conspectu

213 1591 428 1675 exemplorum
463 1593 607 1672 apparet,
643 1611 713 1653 cum
750 1590 969 1653 coniunctivus
1003 1589 1157 1653 demisit
1181 1593 1214 1653 et
1239 1590 1336 1655 multo

213 1699 339 1781 saepius
363 1720 458 1781 quam
489 1697 574 1779 apud
607 1696 787 1760 absolutum
812 1696 1049 1760 coniunctivum
1072 1701 1259 1781 usurpetur,
1284 1698 1336 1762 ubi

213 1805 348 1889 insignis
383 1809 431 1868 est
453 1804 622 1867 subiuncta
657 1804 739 1867 ratio
772 1804 958 1886 (praecipue
986 1803 1013 1866 si
1043 1803 1128 1867 intra
1152 1809 1264 1887 partes
1287 1827 1336 1868 re·

213 1911 319 1994 gentis
352 1911 529 1974 sententiae
563 1909 751 1974 secundaria
786 1910 873 1988 atat),
910 1909 1100 1973 indicativus
1136 1915 1245 1974 autem
1282 1934 1335 1975 suo

213 2017 281 2081 loco
296 2019 348 2094 sit,
367 2017 420 2080 ubi
436 2017 600 2080 obscurior
616 2014 796 2079 subiunctio
812 2018 877 2080 est:
902 2015 934 2079 in
954 2015 1045 2079 initio
1061 2016 1194 2099 periodi.
1214 2054 1257 2064 —
1275 2016 1336 2082 Sed

213 2125 310 2188 etiam
346 2123 528 2187 attractioni
564 2123 642 2186 haec
672 2123 754 2185 ratio
787 2126 865 2186 bene
897 2123 1054 2186 convenit.
1103 2122 1184 2188 (lum
1209 2126 1333 2208 regenti

214 2232 299 2295 enim
318 2230 477 2294 sententia
496 2231 638 2312 proxime
663 2252 701 2291 ea
717 2229 893 2292 enuntiatio
910 2228 1070 2304 cohaeret,
1088 2251 1172 2312 quae
1189 2231 1219 2293 ei
1238 2232 1336 2296 inter·

214 2339 298 2401 ieota
321 2340 379 2414 est,
403 2336 534 2399 solutior
558 2339 607 2399 est
630 2357 677 2406 ea,
698 2358 717 2397 a
740 2356 804 2418 qua
827 2335 976 2418 periodus
993 2335 1117 2417 incipit,
1147 2338 1336 2419 praesertim

213 2445 240 2507 si
275 2444 466 2507 indicativus
501 2443 591 2506 verbi
628 2442 771 2525 primarii
807 2442 950 2525 proxime
981 2442 1134 2525 sequitur.
1161 2478 1205 2486 —
1230 2442 1337 2526 Atque

215 2573 286 2616 cum
310 2550 527 2615 coniunctivus
552 2548 635 2631 apud
661 2549 863 2612 subiunctum
888 2549 970 2612 coni.
997 2570 1058 2612 non
1082 2548 1115 2611 in
1139 2548 1213 2612 aliis
1240 2571 1336 2613 enun·
1373 2579 1376 2586 ·

214 2659 302 2722 tiatis
337 2679 432 2740 quam
468 2657 552 2740 apud
588 2654 767 2719 absolutum
805 2656 980 2739 proveniat,
1017 2655 1196 2719 cavendum
1226 2661 1337 2719 estne

214 2764 429 2829 subiunctioni
453 2762 643 2846 plusquam
668 2763 851 2825 attractioni
875 2763 1061 2825 tribuamus.

322 2871 445 2935 Deinde
469 2891 541 2933 cum
565 2869 757 2933 indicativus
781 2870 901 2933 servari
925 2870 1025 2952 possit
1048 2874 1080 2932 et
1097 2869 1152 2933 ubi
1169 2869 1256 2934 inter
1273 2872 1338 2954 pri-

215 2978 348 3042 mariam
372 2982 405 3040 et
427 2982 590 3059 regentem
616 2977 806 3039 sententiam
831 2976 1009 3050 intercedit,
1035 2982 1067 3039 et
1091 2977 1145 3040 ubi
1169 2981 1336 3061 regentem

214 3085 406 3149 sententiam
441 3083 593 3166 sequitur,
625 3083 843 3146 coniunctivus
874 3087 980 3146 autem
1005 3083 1080 3146 oriri
1105 3084 1265 3167 possitet
1288 3107 1337 3148 re·

215 3191 304 3274 genti
340 3194 372 3252 et
406 3190 576 3273 primariae
612 3190 788 3252 sententiae
824 3190 1024 3263 antecedens,
1056 3193 1194 3273 apparet
1217 3213 1281 3254 non
1305 3192 1336 3253 in

215 3296 420 3361 collocatione
455 3296 684 3359 sententiarum
712 3296 818 3359 omnia
843 3296 945 3379 posita
969 3317 1038 3359 esse
1065 3332 1104 3340 -
1129 3318 1227 3379 quam
1253 3298 1336 3380 apud

215 3403 395 3467 absolutum
431 3403 665 3466 coniunctivum
700 3402 817 3466 nullius
852 3402 919 3466 fere
951 3403 1100 3466 momenti
1126 3425 1197 3467 esse
1221 3426 1338 3488 reppe-

214 3511 322 3576 rimus.
370 3511 459 3574 Licet
494 3510 576 3573 enim
613 3532 671 3592 pro
706 3510 813 3573 futuro
848 3509 986 3593 simplici
1021 3510 1255 3589 coniunctivus,
1287 3511 1337 3575 ad·

215 3620 343 3683 iuvante
382 3618 611 3685 subiunctione.
651 3621 822 3701 usurpetur
856 3619 951 3682 etiam
988 3619 1043 3683 ubi
1078 3640 1129 3682 res
1166 3619 1336 3684 admodum

215 3729 303 3788 certa
337 3726 368 3789 in
405 3726 560 3788 incertum
596 3730 721 3807 tempus
750 3725 903 3793 reiicitur.
928 3725 960 3787 in
984 3725 1166 3789 universum
1192 3728 1228 3790 ut
1252 3727 1337 3810 apud

216 3831 395 3895 absolutum
430 3831 475 3893 ita
511 3831 593 3912 apud
630 3831 820 3913 pendentem
857 3830 937 3893 coni.
975 3831 1071 3894 statui
1108 3834 1224 3913 potest,
1263 3855 1337 3897 con·

215 3937 355 4001 iunctivo
391 3936 512 4020 aliquid
547 3937 688 4000 incertae
715 3936 850 3999 notionis
874 3937 988 4013 inesse,
1015 3936 1188 4001 indicativo
1211 3944 1339 4003 servato

215 4064 281 4106 rem
307 4042 474 4106 certiorem
498 4043 602 4106 reddi:

215 4171 251 4231 ut
272 4169 304 4230 in
329 4166 412 4231 Rud.
431 4167 526 4230 1137.
551 4166 651 4248 [Sed]
677 4166 722 4230 Si
744 4171 863 4230 erunt
885 4186 990 4241 vera,
1016 4171 1083 4229 tem
1106 4186 1234 4247 opsecro
1261 4173 1339 4234 teat

639 4271 774 4355 meo[m]
797 4272 880 4336 mibi
900 4273 1088 4349 redduntur,
