3076 5190
680 594 873 658 -155-

214 770 396 837 invenimus
425 807 460 814 --
487 792 550 834 non
570 771 774 854 intelligitur,
798 792 855 834 cur
877 771 1069 837 indicativus
1093 778 1229 837 restaret
1252 775 1285 837 in
1308 797 1339 839 v.

218 879 303 942 1229
327 899 416 963 quem
439 898 519 943 amo.

321 1010 465 1076 Tertium
490 1012 693 1076 adnumerari
717 1015 823 1095 potest
847 1013 1027 1097 exemplum
1053 1013 1130 1077 hoc:

215 1118 333 1184 Bacch.
348 1119 421 1184 352.
440 1118 491 1182 lto
514 1118 584 1199 feci,
608 1126 644 1182 ut
667 1117 742 1182 ouri
764 1126 916 1204 quantum
939 1121 1026 1183 vellet
1049 1127 1191 1201 sumeret,

440 1225 627 1303 Quantum
646 1233 749 1289 autem
764 1226 888 1289 lubeat
908 1227 1042 1305 reddere,
1061 1235 1095 1290 ot
1111 1227 1222 1290 reddat
1234 1227 1334 1311 putri.

215 1346 278 1412 Sed
321 1370 392 1412 cunr
433 1357 467 1412 ut
509 1372 538 1413 v.
575 1351 638 1414 353
682 1350 851 1432 repetitum
898 1350 989 1414 niodo
1030 1351 1071 1413 sit
1113 1373 1152 1414 ex
1195 1375 1222 1415 v.
1260 1352 1336 1429 352,

213 1456 331 1519 rectius
366 1455 445 1519 haec
478 1456 654 1520 enuntiatio
690 1457 816 1541 regenti
852 1457 1029 1520 sententiae
1064 1458 1232 1523 interiecta
1266 1480 1334 1521 esse

215 1562 341 1629 dicitur.

214 1668 263 1733 De
287 1668 386 1733 Mero.
411 1670 464 1733 36.
489 1692 518 1733 r.
544 1691 640 1752 supra
664 1692 694 1753 p.
721 1670 773 1733 82.

322 1831 351 1894 b.
398 1828 585 1894 Perfecti
609 1830 839 1897 coniunctirus.

321 1962 361 2027 b¹.
397 1962 537 2047 Regenti
560 1964 738 2028 sententiae
762 1965 931 2028 interiecta
954 1969 1003 2028 est
1026 1966 1082 2029 rel.
1108 1969 1200 2030 sent:

321 2087 370 2150 Ad
405 2088 564 2152 infinitum
599 2092 725 2172 tempus
759 2089 967 2171 praeteritum
1003 2093 1135 2173 utraque
1171 2091 1331 2154 sententia

212 2193 345 2277 respicit
367 2194 399 2257 in

163 2374 166 2378 .
211 2316 267 2383 As.
294 2318 367 2382 567.
429 2319 544 2383 Verum
579 2321 682 2403 edepol
717 2343 754 2384 ne
789 2322 882 2384 etiam
917 2328 972 2384 tuo
1010 2343 1128 2406 quoque
1161 2322 1332 2403 malefacto

530 2425 644 2490 iterari
668 2428 766 2490 rnzdtu

425 2532 564 2596 nevero
584 2542 732 2617 possunt:
755 2535 808 2597 ubi
830 2533 929 2598 sciens
951 2533 1039 2615 fideti
1067 2533 1187 2617 infidus
1219 2536 1332 2617 saeris,

307 2641 402 2704 -72.
433 2637 491 2703 Ubi
525 2639 724 2704 creditum
759 2642 861 2726 quod
886 2640 941 2704 sit
965 2638 1021 2704 tibi
1044 2643 1151 2705 adetum
1175 2664 1237 2706 esse
1255 2664 1331 2726 per·

531 2749 666 2831 aenaria.

318 2869 369 2934 Ad
394 2870 534 2934 futurum
558 2874 685 2954 tempus
708 2878 815 2936 cetera
840 2894 888 2936 ex.
913 2877 1070 2956 spectant.

208 2993 304 3058 Truc.
333 2996 387 3060 95.
422 2995 581 3058 adserente
604 2996 700 3074 aedis,

423 3100 545 3186 Nequis
568 3103 717 3166 adventor
741 3105 869 3186 qraeior
891 3103 1013 3167 abaetat
1036 3125 1129 3188 quom
1152 3104 1306 3183 adveniet,

423 3207 506 3288 Neu,
530 3210 598 3293 qui
620 3229 735 3273 monos
759 3211 956 3274 attulerit
978 3212 1095 3274 sterilis
1121 3248 1178 3289 —,

422 3313 581 3378 Gravidae
601 3316 693 3397 foros
716 3325 860 3400 eoeportet.

231 3417 336 3504 [obeat
359 3420 427 3497 ol),
451 3421 492 3487 97
517 3424 587 3506 quis
611 3421 803 3499 Priscianus;
835 3431 950 3488 ecortet
972 3424 1057 3502 libri,
1082 3447 1163 3489 corr.
1188 3424 1306 3511 Prisc]

208 3527 276 3591 Mil.
312 3527 386 3590 741.
422 3526 507 3591 Nom
544 3528 650 3612 hospes
684 3516 792 3593 nullos
823 3538 888 3594 tom
912 3534 945 3594 ie
968 3533 1064 3594 amici
1087 3532 1253 3616 hospitium
1277 3534 1329 3596 de·

528 3637 608 3699 vorti
627 3643 735 3720 potest,

425 3741 520 3821 Quio,
546 3741 613 3804 ubi
636 3743 773 3806 triduom
795 3746 973 3807 continuom
993 3744 1015 3825 s
1018 3747 1108 3807 ueri
1115 3752 1141 3824 t,
1163 3747 1227 3808 ium
1243 3747 1328 3809 oetio-

527 3851 680 3914 eueniet:

429 3953 543 4017 Verum
577 3955 630 4018 ubi
663 3956 728 4018 dies
763 3957 863 4020 decem
897 3959 1058 4020 continuos
1081 3960 1132 4038 sit,
1157 3966 1221 4021 eost
1244 3957 1328 4021 odio·

526 4082 596 4124 rom
623 4062 711 4126 Ilion.

314 4181 537 4248 Coniunctiros
565 4207 632 4248 esse
656 4187 688 4248 in
714 4184 764 4248 his
788 4186 927 4270 periodis
952 4188 1092 4250 attulerit
1115 4193 1147 4251 et
1168 4188 1268 4269 fuerit
1291 4210 1328 4253 eo

206 4288 392 4358 eredibilius
426 4294 485 4372 est,
526 4292 610 4377 quod
643 4293 804 4376 negativis
838 4294 1006 4361 sententiis
1044 4294 1204 4361 interiecti
1243 4300 1327 4363 sunt.
