3076 5190
626 527 792 591 ,39-

254 703 300 770 Ut
324 705 356 768 in
381 703 501 769 causali
525 704 684 768 sententia
711 702 797 768 Men.
822 703 886 769 668
910 726 941 787 p.
968 703 1009 768 15
1033 704 1064 786 e)
1087 704 1134 768 ita
1157 704 1267 768 modus

148 811 311 876 absolutus
335 812 440 876 estin

147 917 228 984 Rud.
256 918 419 984 1186-7.
444 918 614 985 Credebam
637 955 680 964 -
705 917 789 999 Qaia
817 957 850 967 -
879 925 1026 984 evenerat.

253 1051 332 1117 Cum
357 1053 511 1136 exemplo,
537 1053 620 1137 quad
643 1075 676 1136 p.
702 1053 740 1116 ll
767 1051 877 1118 attuli:
902 1050 972 1116 Ges.
993 1051 1266 1136 1911113301-

147 1161 246 1223 sentit
267 1158 346 1225 hoc:

147 1293 231 1357 Men.
258 1293 331 1359 904.
360 1291 422 1358 Sed
455 1313 507 1377 epa
541 1294 655 1357 stultae
689 1314 769 1375 eam,
804 1291 860 1377 qai
893 1290 985 1356 111113
1012 1313 1074 1356 ease
1095 1290 1165 1356 dica
1188 1313 1266 1377 qaae

465 1398 621 1482 meae[i]t,

148 1533 202 1598 ubi
235 1534 469 1598 coniunctivum
503 1533 645 1598 codicum
670 1536 772 1597 metra
796 1536 929 1619 cogente
953 1533 1092 1597 correxit
1115 1530 1265 1596 Gamera-

149 1641 223 1705 rius.
270 1638 354 1704 Nam
390 1640 474 1724 quod
510 1641 549 1703 ad
573 1640 765 1704 sententiam
795 1620 923 1718 attinet,
947 1639 1167 1704 coniunctivus
1191 1661 1265 1715 con·

149 1746 287 1810 aestivus
312 1746 388 1827 (non
411 1746 573 1830 obliquus)
596 1746 688 1810 utin
712 1744 783 1810 033.
809 1747 873 1811 193
897 1746 1043 1812 adhiberi
1060 1747 1173 1831 potuit,
1194 1769 1263 1812 cum

149 1840 254 1917 verbis
277 1874 356 1939 qaae
378 1850 524 1936 meas[i]t
547 1852 774 1917 Menaechmus
798 1875 859 1917 nan
883 1854 959 1937 quid
983 1854 1100 1937 dixerit
1126 1876 1266 1938 pronun-

149 1960 217 2038 tiat,
243 1960 299 2024 sed
329 1960 405 2044 quid
430 1960 493 2023 iam
516 1969 657 2044 opponat
679 1961 725 2024 eis
749 1982 831 2044 quae
856 1961 973 2025 dixerit
995 1959 1067 2042 (cir.
1093 1982 1142 2026 ex.
1166 1983 1199 2045 p.
1225 1963 1265 2025 12

148 2069 180 2129 31
205 2066 246 2131 13
270 2066 392 2149 allata).

252 2200 361 2264 Etiam
396 2222 477 2285 quae
512 2205 586 2284 post
620 2201 835 2285 perfectum
870 2201 1037 2287 logicum
1061 2202 1265 2286 reperiuntur

146 2307 311 2372 indicativi
345 2307 432 2371 modi
466 2308 643 2372 sententiae
677 2308 757 2372 tales
792 2308 860 2372 fere
894 2313 978 2389 sunt,
1005 2309 1115 2393 quales
1146 2330 1186 2374 ex
1208 2331 1266 2374 suo

147 2417 288 2498 tempore
313 2414 502 2498 explicando
525 2415 642 2478 addere
666 2415 806 2498 potuerit
829 2415 856 2480 is
879 2415 934 2500 qui
957 2415 1109 2500 loquitur.

146 2547 264 2613 Bacch.
277 2547 329 2611 Fr.
344 2545 368 2613 Ι.
413 2546 535 2612 Uticam
557 2547 691 2612 audiri
711 2547 813 2631 faisse
836 2547 1157 2629 aerumnosissimam,

408 2653 481 2735 Qui
504 2654 599 2719 annia
623 2653 736 2740 eipinti
758 2676 870 2719 errans
892 2677 913 2719 a
930 2654 1044 2740 patria
1067 2655 1180 2738 afait.

275 2760 350 2826 949.
396 2760 465 2826 Mil.
491 2761 567 2826 212.

148 2866 263 2931 Bacch.
275 2868 370 2933 1008.
388 2867 524 2932 Tantam
545 2867 706 2954 stapitiarn
728 2875 756 2934 te
778 2867 858 2933 scire
881 2868 1012 2933 audini
1035 2890 1147 2951 meam,

382 2973 485 3053 Quod
507 2996 578 3039 carn
595 2975 759 3061 pereprini
781 2975 891 3040 cabai
913 2978 1011 3041 adare
1033 2975 1157 3041 raditis.

147 3080 265 3165 Amph.
283 3082 359 3148 279.
383 3081 491 3168 Nepae
528 3103 581 3166 epa
618 3083 677 3147 tae
714 3092 799 3147 nocte
837 3082 1005 3168 tarpiorem
1045 3104 1092 3147 me
1126 3082 1265 3148 1111333

487 3202 601 3272 censeo,

380 3294 455 3360 Nisi
477 3296 552 3372 item
574 3318 681 3380 anam,
705 3298 882 3362 verberatae
905 3319 1013 3383 quarn
1032 3296 1194 3382 pependi
1211 3333 1262 3362 -.

253 3426 315 3494 Sed
339 3430 373 3492 in
395 3431 565 3514 temporali
588 3431 748 3495 sententie

148 3561 229 3626 liud.
256 3562 352 3626 1249.
381 3563 571 3647 Spectavi
594 3586 646 3649 epa
666 3563 790 3648 pridem
813 3563 943 3630 comicae
965 3565 1008 3628 ad
1022 3563 1125 3628 istane
1140 3566 1264 3629 modurn
1349 3544 1351 3549 Ι

381 3669 547 3755 Sapienter
570 3671 653 3735 dicta
677 3671 779 3735 dicere
802 3679 893 3757 atque
914 3671 993 3755 [iJe's
1012 3671 1172 3757 placidiae,

386 3778 505 3859 Quom
538 3778 611 3842 11133
644 3777 796 3863 sapientie
830 3799 928 3843 rnarec
950 3776 1263 3863 monstraba<n>t

482 3886 586 3969 rorte

146 4019 336 4083 indicativus
368 4041 430 4083 non
455 4018 548 4082 aliter
571 4023 671 4084 restet
694 4023 789 4103 atque
813 4019 839 4082 si
864 4043 882 4083 a
906 4041 980 4083 vero
1004 3984 1147 4102 perfecta
1169 4041 1264 4111 prae·
1377 4061 1380 4068 ·
1423 4032 1428 4042 “

146 4125 245 4189 sentis
268 4126 423 4209 penderet
446 4125 602 4209 (spectavi
615 4155 656 4178 =
671 4126 812 4202 memini)
837 4161 878 4171 ·-
902 4126 964 4190 nisi
980 4125 1177 4210 iungendum
1197 4130 1262 4194 est:

147 4231 289 4323 spectari,
313 4252 405 4325 qaam
427 4233 641 4303 monstrabant
665 4231 726 4314 (af.
752 4231 869 4304 Bacch.
893 4233 968 4318 469,
993 4231 1078 4302 Men.
1104 4233 1195 4346 633).
1253 4334 1254 4337 ¹
