3076 5190
681 553 856 620 ..32-

209 731 301 800 Cure.
322 733 397 800 377.
423 733 548 798 Habent
571 733 653 798 turre
676 754 790 797 merem
809 734 951 820 plerique
973 733 1166 819 urpeutnrii,

429 841 467 904 Ut
490 841 575 904 atius
597 841 695 904 atium
715 848 855 924 poseant,
879 841 1012 905 redderet
1034 843 1167 923 uemiur‘,

423 948 545 1034 Pupuis
568 968 634 1011 reru
657 947 786 1025 soleant,
810 948 943 1033 siquis
974 956 1118 1033 poseat
1141 935 1278 1014 elarius.

598 1050 741 1137 [soleant
767 1076 846 1120 corr.
872 1050 931 1140 13¹]

209 1159 327 1245 Amph.
345 1161 399 1227 46.
421 1160 482 1225 Sed
503 1181 569 1224 mes
592 1181 762 1245 numquam
786 1161 836 1224 itti
856 1160 922 1243 fuit
940 1163 1030 1246 petri
1052 1183 1119 1226 meo
1138 1163 1171 1246 †,

428 1267 467 1332 Ut
489 1268 687 1352 exprobraret
710 1268 792 1352 quod
814 1268 901 1332 bonis
922 1268 1040 1349 faceret
1061 1268 1146 1334 boui.

208 1374 306 1438 Mero.
332 1375 384 1440 35.
420 1375 503 1455 Quia
527 1375 634 1438 nultus
657 1395 790 1458 usquam
813 1383 935 1439 amator
958 1372 1105 1460 adeos<t>
1131 1377 1249 1441 callide

421 1479 605 1559 Facundus,
639 1501 718 1565 quae
751 1482 785 1544 ire
819 1502 884 1546 rem
910 1479 1090 1568 fflani<n>t
1124 1481 1263 1568 sua<m>
1297 1491 1328 1547 ut

525 1588 623 1671 possit
647 1587 742 1671 loqui.

314 1692 452 1778 Obliqua
484 1693 611 1777 quidem
637 1695 684 1758 vis
707 1693 826 1774 (finalis
850 1699 885 1758 ut
908 1695 941 1758 in
968 1692 1168 1780 Amph-10)
1194 1697 1327 1782 eogitari

208 1805 313 1885 potest
347 1805 380 1864 et
413 1802 446 1865 in
469 1800 531 1864 hoc
555 1800 701 1883 exemplo
726 1805 758 1864 et
781 1801 816 1864 in
838 1801 935 1865 simili
957 1799 1046 1868 Trin.
1071 1803 1124 1867 34.
1151 1802 1266 1869 Nimio
1288 1839 1326 1850 —

204 1909 309 1993 pluris
332 1907 474 1972 Faciunt
499 1944 537 1952 —
562 1928 657 1992 quum
680 1907 715 1970 id
736 1908 819 1992 qued
838 1910 961 1992 prosint
980 1908 1137 1992 pluribus.
1185 1910 1251 1975 Sed
1271 1932 1326 1976 non

207 2019 339 2098 propter
372 2013 558 2079 reflexivnm
596 2036 768 2097 pronomen
802 2035 891 2078 suam
926 2014 959 2078 id
984 2037 1114 2080 neeesse
1139 2021 1189 2080 est
1214 2017 1278 2093 (cfr
1299 2039 1328 2101 p.

209 2123 249 2186 16
274 2105 367 2186 huius
391 2121 495 2204 disp).
543 2118 578 2184 In
603 2125 736 2204 utroque
761 2143 809 2184 ex.
834 2109 1054 2187 coniunctivus
1075 2123 1141 2186 iam
1158 2125 1328 2208 negativae

206 2228 328 2292 notioni
352 2229 501 2293 debetur:
526 2228 607 2291 uidit
630 2229 768 2312 quodie
792 2250 856 2291 reru
879 2249 971 2293 sunm
993 2230 1044 2293 sie.
1139 2309 1141 2313 ι

312 2334 538 2400 Coniunctivus
562 2334 800 2399 assimilationis
824 2336 928 2418 potius
952 2358 1047 2419 qnam
1063 2337 1215 2421 obliquus
1232 2361 1328 2424 agno·

206 2442 340 2507 scendus
364 2445 413 2504 est
435 2441 469 2504 in

205 2544 294 2610 Teis.
319 2549 395 2614 210.
423 2547 537 2611 dtrtseu
562 2569 602 2610 au
627 2569 697 2610 eero
720 2549 848 2612 laudent
872 2549 996 2632 culpent
1018 2569 1129 2635 quem
1152 2553 1286 2616 velint

419 2654 493 2716 Neu
527 2655 616 2736 flocci
656 2656 790 2737 faciunt,
826 2657 900 2718 dum
938 2657 1018 2719 ittud
1050 2659 1157 2741 quod
1196 2660 1330 2724 tutent

525 2763 636 2826 sciunt.

616 2949 652 3013 B.
699 2953 913 3014 Indieativus.

311 3063 507 3130 Indiestivus
541 3066 574 3129 in
609 3065 775 3130 sententiis
810 3087 891 3149 quae
927 3067 1085 3150 loquentis
1113 3074 1189 3133 sunt
1211 3070 1323 3134 iisdem

205 3173 340 3257 legibus,
376 3193 454 3255 quas
479 3194 509 3255 p.
536 3173 574 3237 ll
600 3194 668 3256 sqq.
693 3171 787 3236 huius
811 3173 891 3255 disp.
916 3173 1133 3256 eognovimus,
1159 3176 1253 3241 nobis
1275 3197 1325 3240 oe-

205 3279 315 3343 currit.

314 3404 342 3467 l.
389 3399 426 3465 In
450 3402 615 3466 sententiis
639 3424 717 3486 ques
742 3404 781 3467 ad
806 3403 1028 3487 explicandum
1053 3405 1143 3469 addit
1162 3406 1262 3490 isqui
1280 3407 1324 3470 lo-

204 3510 323 3594 quitur,
347 3508 438 3573 utin
463 3530 601 3592 compar.
626 3514 705 3574 sent.
730 3531 813 3594 quae
837 3510 1038 3593 parenthesis
1062 3511 1133 3575 loco
1156 3517 1222 3578 est:

204 3616 392 3683 Mere428.
416 3615 591 3696 Mandavit,
620 3614 695 3701 (ut)
720 3618 763 3680 nd
787 3618 873 3681 ittnru
895 3617 1018 3699 faeiem,
1045 3620 1101 3682 ita
1130 3626 1172 3683 ut
1197 3621 1321 3695 illest,

524 3743 652 3788 eruerem
675 3725 743 3787 siti.

204 3829 256 3895 vel
279 3830 312 3894 in
336 3829 484 3896 relative:

204 3934 281 4000 Gist.
307 3937 382 4003 713.
415 3958 494 4022 quae
516 3959 564 4001 rne
586 3959 674 4022 opere
697 3947 784 4002 teuto

418 4045 548 4108 Servare
571 4047 671 4127 iussit,
695 4049 751 4132 qui
772 4068 845 4109 suos
869 4045 1026 4111 Selenium
1046 4055 1193 4132 parentes

418 4150 564 4217 Fneitr'us
585 4160 685 4235 posset
707 4174 839 4231 erescere,
863 4175 962 4238 quae
985 4175 1056 4216 erue
1078 4175 1164 4219 mene
1187 4174 1321 4239 suppo·

524 4260 654 4326 sitast,
669 4280 780 4343 parre.
