3076 5190
684 565 857 629 ..86-

237 795 294 862 111.
342 798 461 863 Primae
486 814 631 876 personae
654 796 780 861 verbum
804 795 1005 875 praeteritum
1030 799 1078 862 est
1103 796 1136 860 in
1160 796 1306 875 primario

693 912 860 978 enuntiato.

609 1073 649 1136 Α.
696 1075 941 1138 Oaniunativus.

321 1191 351 1254 l.
398 1189 601 1254 (tondeant.

216 1295 287 1360 nul.
313 1297 365 1360 26.
429 1296 511 1377 Feci,
536 1296 737 1359 thensaurum
762 1302 797 1359 at
819 1294 869 1358 hie
891 1295 1040 1378 reperiret
1062 1294 1192 1376 Euatia,

426 1401 493 1481 Quo
518 1402 605 1466 ittam
627 1403 758 1484 facilius
781 1386 924 1485 nuptum,
948 1402 977 1464 si
999 1402 1131 1482 veltet,
1155 1403 1259 1467 daret.

215 1509 312 1574 Mera.
330 1509 500 1597 2315Nen
528 1509 751 1587 discordarent,
788 1506 889 1590 [m'Jsi
918 1508 1024 1572 ambae
1057 1510 1093 1572 in
1121 1529 1187 1572 una
1211 1516 1336 1573 essent

533 1617 606 1696 toea,
634 1651 674 1661 -
699 1617 783 1679 risus
805 1636 874 1679 snm
899 1649 950 1680 -.

319 1738 436 1806 Utrum
460 1739 609 1824 obliquus
632 1740 675 1803 eit
698 1739 780 1804 coni.
805 1761 845 1803 an
870 1738 1053 1823 potentialis
1077 1737 1119 1820 (si
1133 1767 1176 1792 =
1190 1739 1220 1803 si
1245 1740 1337 1821 farte)

214 1870 276 1913 non
300 1847 401 1911 ausim
426 1847 600 1911 diiudicare
623 1846 656 1910 in

328 1954 402 2019 941.
420 1953 534 2036 Rapite
557 1955 627 2038 quis
650 1974 717 2016 eam
741 1988 784 1998 -
806 1952 925 2025 habeat,
949 1953 977 2015 si
1000 1951 1043 2015 ibi
1059 1950 1336 2034 indleJaudiaerit.

318 2089 348 2152 2.
396 2087 563 2152 Relativae
586 2090 667 2151 sent.

214 2193 305 2260 Cura.
324 2195 399 2261 346.
424 2197 452 2259 ei
475 2194 632 2270 mandavi,
657 2195 726 2279 qai
749 2193 845 2256 anuto

423 2300 493 2365 Mea
517 2299 646 2364 tabellas
668 2299 845 2383 absipnatas
868 2300 1099 2380 attulisset,
1123 2307 1161 2363 ut
1184 2302 1279 2364 daret

424 2406 572 2492 Operam,
595 2413 629 2470 nt
653 2405 814 2471 mutierem
837 2442 881 2451 —
905 2406 1076 2470 abduceret.
1109 2486 1111 2490 ι

213 2514 311 2578 Mera.
331 2513 404 2578 151.
424 2536 471 2588 me
493 2515 569 2597 rapi
591 2535 687 2577 eausa
710 2513 863 2577 currenda
887 2521 951 2588 tna,

430 2621 469 2685 Ut
492 2642 590 2707 qnae
613 2604 758 2685 scirem
782 2622 861 2684 seire
883 2627 1024 2686 aetatum
1048 2619 1104 2684 tibi
1127 2620 1244 2684 liceret.

210 2727 260 2791 afr
282 2726 346 2790 ind.
371 2725 423 2791 Ps.
450 2728 500 2792 72.

211 2831 299 2897 Tria.
324 2834 399 2898 313.
423 2833 524 2898 Istaee
548 2870 587 2878 —
612 2833 707 2897 habai
730 2869 774 2878 —
796 2836 1049 2918 intepamentam,

425 2940 475 3005 Ne
506 2948 703 3024 penetrarem
737 2961 786 3004 me
820 2961 964 3025 nsquam,
990 2940 1057 3005 abi
1091 2948 1195 3004 esset
1227 2942 1338 3004 damni

532 3046 775 3111 conciliandum.
972 3123 974 3127 ,

593 3150 648 3236 [ei
664 3151 702 3229 Β,
727 3162 803 3220 esset
827 3151 942 3237 aeteri]

317 3260 367 3324 De
391 3258 509 3324 Bsaeh.
534 3259 599 3323 352
622 3281 654 3324 v,
677 3280 782 3342 supra.

318 3393 349 3458 3.
395 3391 602 3476 Temporales
626 3395 705 3456 sent.

212 3499 330 3583 Amph.
340 3499 413 3563 127.
427 3498 577 3582 (sumpsi)
598 3534 640 3544 -
662 3506 697 3562 nt
711 3520 750 3563 ne
765 3500 819 3584 qni
835 3520 927 3563 essem
942 3499 1123 3581 familiares
1138 3511 1331 3585 quaererent,

428 3605 560 3669 Varsari
583 3605 686 3669 erebro
709 3605 759 3670 irie
781 3626 894 3691 qnam
928 3606 1114 3670 riderent
1138 3629 1185 3670 me
1208 3608 1301 3671 domi.

207 3711 270 3796 Ep.
294 3712 371 3777 356.
429 3712 478 3793 Ut,
502 3733 614 3797 qaam
638 3711 832 3791 redisses,
857 3733 895 3776 me
918 3712 973 3776 tibi
996 3714 1062 3776 eins
1085 3715 1175 3796 eopia
1199 3721 1284 3780 esset.

295 3820 371 3883 500.
426 3816 585 3882 Oandmeta
609 3820 678 3881 aeni
701 3826 736 3883 nt
757 3818 873 3900 fidibus
897 3826 1059 3883 santarem
1081 3821 1157 3900 seni,

422 3925 522 3988 Dum
547 3945 612 3988 rem
635 3923 776 3988 divinam
798 3925 963 4008 faceret.

315 4029 375 4106 Qui
400 4031 480 4094 aoni.
506 4030 602 4095 etiam
620 4031 659 4095 ed
676 4032 881 4097 conducentis
898 4032 1062 4096 eonsilium
1080 4032 1195 4097 referri
1218 4036 1328 4118 petest.

205 4155 287 4234 (Mil.
313 4155 388 4219 950.
420 4156 585 4235 (nondum)
621 4156 683 4234 pet
710 4197 743 4205 -
773 4165 963 4239 tntarmtnr,
991 4158 1073 4222 mini
1096 4159 1185 4223 dnm
1209 4146 1346 4240 fieret

525 4259 650 4343 etiam.)
