3076 5190
682 542 859 605 ..22-

321 718 479 802 Exempla
503 718 581 782 haee
604 725 693 783 sunt:

213 833 303 918 Oapt.
327 835 402 900 259.
426 834 534 921 Neque
565 835 618 919 pot
653 835 708 897 tibi
743 855 807 914 nos,
842 837 918 920 quio
954 856 1008 898 uos
1034 856 1148 914 semus,
1173 843 1341 920 aequomst

531 943 605 1005 uitio
627 949 745 1005 vortere

424 1048 532 1134 Neque
555 1055 583 1111 te
606 1049 701 1126 nobis,
725 1050 754 1111 si
776 1048 921 1112 obeamus
943 1048 1025 1129 tino,
1054 1050 1083 1111 si
1103 1048 1177 1130 fuat
1201 1052 1337 1113 occasio.

319 1181 507 1248 Gonoessiva
530 1182 579 1246 vis
603 1185 651 1245 est
674 1182 707 1244 in
785 1188 787 1192 ’

212 1314 413 1380 Bacchius.
428 1315 490 1394 Qui
512 1317 541 1377 si
563 1316 663 1378 decem
686 1315 797 1378 taneos
821 1316 956 1399 linquas,
978 1323 1100 1379 mutum
1115 1337 1178 1380 esse
1195 1317 1336 1382 addecet.

209 1412 211 1416 ⁸
304 1424 399 1487 1045.
425 1422 462 1488 St
481 1423 556 1507 ptus
577 1422 778 1506 perdundum
801 1424 849 1499 sit,
873 1423 1004 1506 periisse
1026 1425 1162 1486 suaviust

424 1529 525 1608 Quom
548 1529 631 1592 titud
650 1529 807 1613 fluuitium
830 1530 916 1612 ooiqo
939 1530 1150 1613 disputesoere.

211 1634 309 1701 Stich.
334 1636 386 1701 27.
429 1635 544 1700 Tamen
568 1638 597 1699 si
617 1635 729 1717 foetet,
753 1638 890 1699 minume
914 1638 1009 1699 irosoi

424 1743 525 1808 Decet.
573 1739 728 1827 [Tametsi
755 1741 794 1806 A.
824 1742 969 1806 Tomensi
992 1742 1137 1828 ceteri]'

247 1851 388 1914 43-46.
428 1849 525 1913 Etsi
548 1850 598 1912 itti
620 1849 752 1933 improbi
774 1851 837 1912 sint
862 1885 914 1927 -*-‚
938 1857 1002 1912 tom
1021 1851 1076 1934 poi

422 1956 576 2020 Nostrum
600 1956 742 2039 officium
764 1953 940 2019 meminisse
963 1958 1053 2020 decet.

315 2086 444 2153 Irrealis
469 2092 518 2152 est
540 2089 628 2154 notio
652 2089 686 2152 in

210 2223 519 2287 monmeliant
541 2224 569 2287 si
592 2224 678 2286 uitus
700 2224 775 2286 deus
799 2231 928 2304 amaret,
952 2225 1026 2307 ptus
1049 2226 1143 2287 onnis
1166 2226 1278 2307 deum,

422 2327 504 2393 Pius
527 2330 592 2392 ium
614 2330 725 2414 oiyinti
748 2336 901 2392 mortuom
925 2349 987 2391 esse
1011 2331 1154 2413 oportuit.

211 2433 310 2500 Stich.
324 2435 399 2500 512.
423 2434 466 2498 Iit
499 2438 600 2519 neonis
627 2457 692 2519 por
724 2436 832 2518 fueret
863 2457 910 2498 me
933 2437 1014 2499 uotis
1038 2438 1113 2500 dore
1136 2459 1241 2500 oenum
1267 2440 1327 2502 od-

528 2543 717 2606 uenientibus

424 2684 464 2694 —
488 2651 553 2712 nisi
576 2650 688 2713 nottem
711 2651 739 2713 ei
762 2650 972 2715 advorsarier.

315 2780 467 2867 Optativa
490 2783 537 2846 vie
561 2786 610 2846 est
632 2783 665 2846 in
689 2786 733 2847 st.
760 2785 834 2848 112.

313 2904 396 2971 Nam
421 2929 485 2971 non
508 2930 587 2992 opus
611 2913 660 2971 est
682 2907 714 2972 H
738 2930 893 2992 personae
916 2908 1063 2992 exempla
1079 2931 1327 2976 commemorare

209 3015 249 3078 ed
272 3013 450 3079 universale
475 3015 652 3079 subiectum
676 3016 849 3098 spectantis
873 3020 909 3080 ut
926 3014 1020 3079 Truo.
1039 3017 1113 3092 462,
1130 3015 1228 3080 Mero.
1247 3018 1326 3083 550.

312 3331 354 3399 ΙΙ.
402 3333 700 3399 coniunctivus
735 3335 803 3399 ubi
840 3335 1051 3399 invenitur
1086 3337 1125 3400 in
1160 3342 1326 3402 senten-

206 3442 294 3521 tiis,
330 3463 425 3525 quae
461 3442 499 3505 in
534 3442 653 3508 sertis
685 3443 798 3504 rebus
822 3446 1043 3520 versantur,
1068 3466 1142 3507 non
1167 3467 1213 3507 ex
1236 3447 1325 3510 sub-

205 3548 418 3612 iunctione
456 3549 543 3612 sola
589 3548 782 3631 provenit
819 3549 887 3611 sed
927 3549 1107 3632 aliquam
1152 3551 1326 3635 insuper

206 3655 332 3720 habet
359 3654 694 3740 explicationem.

253 3808 257 3817 “
313 3799 342 3862 1.
378 3796 565 3863 causalis
589 3800 638 3861 est
661 3798 708 3862 vie
731 3798 765 3860 in
788 3797 929 3861 relativis
951 3799 1116 3862 sententiis
1133 3805 1322 3883 quaesunt:

208 3929 469 4015 Amph.705.At
487 3932 553 4014 pot.
566 3933 620 4017 qui
642 3938 726 3995 certa
748 3952 798 3995 res

419 4038 515 4101 Hono
537 4045 581 4101 est
603 4039 775 4121 obiurane,
800 4058 899 4123 quoe
923 4059 969 4101 me
993 4075 1033 4082 -

104 4231 107 4238 Ι
418 4144 611 4209 Noluerit
633 4146 783 4211 solutore.

208 4248 299 4336 capt.
323 4250 397 4316 564.
424 4249 482 4314 Pol
501 4252 637 4336 pianum
660 4253 694 4316 id
715 4254 866 4340 quidemst
