3076 5190
687 550 860 628 -73-

209 728 271 821 Ep.
303 737 376 803 658.
423 739 480 802 sed
501 745 660 816 merneolo,
684 739 714 804 sr'
736 740 818 823 qnid
837 742 972 807 socortit
993 762 1095 821 senec,

425 844 597 927 Suppeties
619 846 702 912 minz·
724 869 795 913 cnm
816 870 922 915 sorore
938 850 1038 933 ferre.

208 954 350 1037 (impers.
376 953 475 1019 Mero.
500 956 642 1032 tet-6,
666 955 758 1019 Most.
781 957 856 1021 667.
890 957 1054 1039 erc'dqnid
1076 959 1127 1024 der'
1150 959 1268 1036 dicunt,
1294 958 1332 1024 c'd

209 1061 394 1125 decretnnut
416 1060 528 1126 dicere.
575 1061 739 1157 ddunt:
753 1063 870 1147 dicent)

316 1258 424 1322 Etiam
460 1257 603 1340 obliquae
638 1260 793 1324 orationis
816 1261 976 1326 licentiam
1002 1264 1162 1345 quandam
1186 1286 1205 1326 a
1228 1265 1330 1327 nomi·

208 1366 317 1430 nativo
344 1387 423 1428 cum
458 1365 617 1430 infinitivo
651 1367 891 1451 proficiscentis,
917 1369 1030 1432 deinde
1054 1371 1086 1433 in
1112 1374 1232 1433 rectam
1256 1393 1329 1435 ora·

209 1473 328 1536 tionem
353 1473 500 1563 abeuntis
525 1495 587 1537 non
611 1495 738 1557 possum
763 1497 825 1538 non
851 1475 989 1539 breviter
1013 1477 1241 1561 perstringere.

315 1578 361 1645 Ut
402 1580 434 1643 in
476 1579 574 1644 Mero.
611 1582 798 1656 ene-251,
842 1581 1003 1665 Demipho
1038 1605 1134 1647 senex
1170 1584 1328 1647 somnium

208 1689 255 1751 ita
278 1687 419 1769 exponit,
444 1691 480 1750 ut
502 1687 640 1770 primum
664 1687 707 1768 (v.
732 1689 900 1769 229-33)
921 1691 1136 1754 narrationem
1153 1692 1329 1776 subiungat

208 1795 328 1860 verbis:
364 1792 447 1857 mtto·
468 1793 556 1858 orsos
578 1814 656 1869 snm,
684 1795 798 1859 deinde
828 1796 1030 1872 (234-244)
1054 1798 1188 1861 licenter
1213 1804 1329 1882 pergat

209 1902 300 1984 quasi
325 1902 363 1964 de
387 1923 421 1964 re
446 1901 639 1977 umefacto,
664 1925 726 1965 non
751 1903 789 1965 de
813 1904 951 1968 somnio:

209 2009 284 2073 234.
332 2007 386 2071 Ee
408 2007 507 2072 simio
542 2007 620 2072 odeo
647 2014 723 2090 post
755 2007 845 2073 hored
866 2011 962 2074 multo
986 2010 1030 2074 od
1051 2031 1099 2073 me
1122 2011 1234 2075 uenit
1256 2014 1328 2088 etc,

209 2120 281 2200 post
316 2116 346 2178 in
383 2137 433 2179 vv.
458 2115 610 2179 245-51
647 2116 816 2180 subiuncta
846 2121 879 2179 et
903 2118 1050 2181 absoluta
1073 2118 1215 2182 narratio
1239 2118 1330 2182 iden·

208 2222 310 2287 tidem
332 2223 507 2288 varientur.
1220 2229 1223 2234 '

317 2328 449 2405 Eadem,
485 2330 560 2412 quin
597 2330 694 2393 etiam
729 2331 858 2406 maiore,
895 2331 1039 2395 variandi
1075 2331 1205 2394 licentia
1229 2332 1330 2395 utitur

209 2435 389 2500 Daemones
413 2458 510 2500 senex
535 2436 567 2499 in
591 2437 712 2500 somnio
735 2437 902 2502 referendo
924 2436 1007 2502 Rue.
1034 2438 1222 2502 598-610.

316 2541 397 2618 Quin
433 2543 458 2606 si
495 2564 549 2606 eos
584 2544 669 2627 ipsos
705 2566 814 2608 versus
845 2549 1035 2628 spectamus,
1060 2545 1093 2608 in
1118 2545 1329 2628 quibuscum

209 2650 375 2732 praeteriti
399 2650 553 2733 temporis
577 2652 674 2715 verbo
697 2652 867 2715 subiuncta
891 2652 993 2715 oratio
1016 2653 1067 2726 sit,
1093 2652 1327 2716 coniunctivum

208 2757 371 2840 obliquum
397 2759 628 2841 exspectamus,
660 2759 692 2821 in
717 2758 762 2820 eis
787 2780 912 2841 quoque
937 2759 1043 2823 modos
1067 2759 1230 2823 absolutae
1255 2781 1330 2822 nar·

208 2865 341 2929 rationis
365 2865 543 2949 reperimus

208 2977 244 3036 ut
256 2972 354 3038 Mero.
369 2974 443 3039 230.
469 2971 515 3036 m·
553 2992 592 3036 ne
629 2963 762 3048 noceret,
804 2991 920 3054 qnam
959 2972 1046 3037 domi
1091 2977 1164 3036 ante
1202 2970 1332 3036 habui

578 3100 712 3161 coprem

471 3184 545 3250 Neu
556 3185 783 3262 discordarent,
794 3184 898 3267 [nilsr‘
907 3186 1018 3250 annae
1029 3184 1066 3250 r'n
1074 3207 1137 3250 noo
1147 3191 1247 3249 essent
1256 3186 1328 3261 ioco,

471 3292 690 3357 Posterius
731 3313 848 3372 quom
882 3298 1038 3357 mercatus
1069 3292 1246 3375 fueram,
1285 3291 1329 3356 ri·

578 3420 633 3464 sns
654 3420 725 3464 sum

471 3507 515 3571 In
537 3504 772 3591 custod<e>lam
801 3506 915 3570 emme
937 3506 1127 3570 concredere.

316 3630 379 3697 Sed
416 3636 448 3696 ct
477 3631 558 3696 haec
582 3635 614 3695 et
637 3632 692 3696 illa
716 3631 846 3696 licentia
870 3631 993 3695 scilicet
1016 3652 1055 3694 ex
1079 3633 1170 3696 brevi
1194 3631 1331 3695 confinio

208 3740 323 3806 somnii
357 3742 452 3824 atque
488 3740 535 3803 rei
570 3761 664 3803 verae
700 3739 839 3823 profluit,
877 3760 948 3803 cum
977 3738 1039 3802 sibi
1062 3739 1209 3803 rideatur
1232 3760 1327 3801 senex

209 3847 264 3912 ille
288 3869 327 3911 ea
349 3869 491 3926 narrare,
516 3869 597 3931 quae
621 3848 784 3929 tamquam
810 3845 971 3928 praesenti
996 3845 1170 3908 evenerint.

317 3953 405 4018 Iusta
439 3958 544 4017 autem
570 3953 700 4037 obliqua
723 3953 867 4016 oratione
891 3955 923 4014 et
947 3951 986 4014 ad
1011 3951 1107 4014 finem
1130 3972 1230 4034 usque
1255 3971 1329 4014 con-

207 4060 334 4126 tinuata
356 4061 458 4125 utitur
482 4059 749 4125 Philocomasium
773 4060 805 4122 in
830 4057 899 4122 Mil.
924 4058 1088 4131 383-92,
1108 4057 1162 4121 ubi
1186 4057 1326 4140 exponit,

209 4168 286 4250 quid
312 4190 369 4251 per
393 4168 533 4252 quietem
556 4167 685 4231 viderit.

318 4273 367 4338 De
392 4273 510 4339 Bacch.
536 4274 600 4339 925
625 4296 654 4338 v.
678 4296 710 4357 p.
738 4273 788 4336 15.
824 4228 831 4243 t
