3076 5190
676 543 847 607 ..23-

418 721 501 785 Beue
524 722 716 795 adraarrtere,
733 720 788 806 qui
811 719 951 785 saliuam
966 742 1051 784 seraa
1067 719 1237 804 absiqnaat
1259 743 1334 785 aum

523 829 597 891 sate.

205 930 298 996 Trua.
316 934 391 996 244.
417 934 543 1017 Semper
566 934 689 997 datores
712 955 803 997 uaeas
827 941 943 1017 oportet
965 955 1122 1019 quaerere,

419 1040 481 1118 Qut
504 1041 541 1104 de
564 1039 742 1104 thensauris
764 1038 896 1123 iateqris
919 1041 1025 1104 demus
1051 1041 1183 1105 dauant.

378 1143 518 1230 [demum
541 1155 682 1210 acuerunt
706 1147 746 1226 A,
770 1148 876 1211 demus
900 1148 1022 1211 dauuat
1045 1145 1160 1231 ceteri]

312 1290 343 1354 b.
390 1311 471 1373 quae
507 1311 578 1353 aum
613 1290 762 1354 universa
796 1290 954 1354 sententia
986 1290 1114 1374 penitus
1138 1289 1331 1368 cohaerent,

205 1400 241 1460 ut
264 1397 375 1461 abasse
399 1419 460 1462 nan
485 1397 615 1481 possint.

311 1528 410 1595 India.
435 1530 571 1614 perfecti
595 1533 656 1595 est:

206 1653 398 1720 Rud.1384.
417 1654 526 1734 Quod
548 1676 634 1719 seraa
659 1652 764 1740 (mea)

418 1759 679 1834 Promisisti,
705 1782 806 1825 meum
831 1783 892 1825 esse
915 1770 1040 1845 oportet.

634 1867 800 1952 [promisti
823 1866 897 1952 OD]

206 1974 267 2058 Ep.
292 1974 367 2038 431.
418 1974 519 2060 Atque
541 1974 615 2038 haee
637 1973 802 2039 stultitiast
824 1996 872 2038 me
894 1973 947 2038 itti
969 1973 1045 2038 uitia
1068 1983 1185 2038 aartere

418 2082 544 2165 Eqaraet
566 2083 668 2166 quaet
688 2080 889 2163 factitavi
912 2080 948 2145 ia
972 2079 1193 2146 adulescentia.

206 2186 292 2253 Men.
316 2187 391 2252 396.
418 2186 481 2266 aut
504 2189 584 2252 lubet
608 2225 646 2235 —
672 2187 721 2251 ire
742 2186 866 2269 infitias
888 2187 968 2251 ruiti

421 2294 520 2358 Faeta
542 2316 620 2379 quae
643 2294 739 2358 suut?

205 2399 303 2464 Mera.
329 2399 404 2476 463,
428 2399 524 2465 Poen.
549 2402 623 2481 572,
651 2401 746 2480 1081,
770 2404 812 2465 st.
833 2402 973 2479 loa-1,
998 2401 1059 2484 Ep.
1076 2403 1226 2466 517-21
1251 2401 1327 2483 (inf.

206 2506 364 2588 exaltem).

313 2717 413 2785 India.
437 2722 615 2804 praesentis
638 2723 792 2805 temporis
816 2726 878 2787 est:

206 2836 262 2901 Aa.
288 2837 340 2901 36.
426 2835 496 2901 Ubi
518 2835 574 2919 fit
593 2839 728 2921 pateata,
753 2846 780 2901 te
802 2838 937 2919 fortasse
959 2837 1070 2902 dicere.

207 2942 299 3027 capt.
320 2943 393 3008 396.
420 2944 505 3023 Quae
532 2943 660 3008 raemiui
682 2965 771 3007 mara
793 2951 908 3008 merast
931 2943 1093 3009 aiaaerier.

206 3048 301 3115 Poen.
312 3050 406 3114 1253.
420 3050 516 3114 Naue
538 3052 619 3136 quaet
642 3049 713 3114 boui
735 3049 815 3114 ruiti
838 3049 887 3115 dei
910 3053 1032 3115 dartuut
1054 3085 1109 3135 -,

420 3157 485 3220 Eas
508 3155 573 3220 deis
596 3164 640 3221 est
663 3178 791 3242 aequare
811 3156 936 3241 quatias
958 3181 1013 3222 uos
1036 3181 1126 3243 aqere
1148 3191 1209 3221 -.

207 3377 263 3442 Aa.
288 3378 363 3443 381.
419 3379 522 3442 Hasce
545 3377 631 3443 aedis
654 3400 715 3443 esse
738 3387 863 3463 oportet,

419 3486 626 3551 Demaenetus
648 3485 701 3549 ubi
728 3484 848 3550 dieitur
870 3487 1019 3552 habitare.

207 3590 279 3657 Cas.
303 3592 378 3656 265.
419 3592 519 3656 Itium
553 3591 599 3656 mi
632 3591 775 3678 aequiust
809 3615 901 3679 quara
936 3616 982 3658 rue
1015 3593 1068 3659 itti
1102 3618 1201 3680 quae
1234 3598 1324 3661 eata

525 3700 695 3763 aaaaedere.

207 3802 301 3869 Truc.
322 3805 396 3871 769.
421 3806 469 3869 De
492 3804 591 3869 nauta
614 3804 696 3870 uitii
719 3814 762 3869 est
777 3805 885 3887 irasai,
901 3830 980 3892 quae
1002 3817 1030 3873 te
1046 3831 1106 3872 aaa
1121 3808 1210 3891 flacci
1230 3808 1322 3892 facit.

207 4025 282 4092 Aul.
308 4026 382 4092 587.
422 4026 491 4091 Hae
514 4035 557 4091 est
579 4027 662 4092 serui
683 4026 811 4110 fariaus
833 4029 924 4114 fraqi
944 4031 1050 4113 faeere
1073 4033 1154 4118 quaet
1177 4053 1229 4118 eqo
1245 4053 1322 4119 per·

525 4155 643 4221 sequar.
