3076 5190
676 553 876 619 -108-·

216 727 269 814 [ut
291 752 348 815 que
371 753 441 795 eum
464 728 506 795 B¹
530 730 601 816 (que
623 753 693 815 sup.
709 755 739 796 v.
755 732 826 797 add.
851 728 916 815 13¹),
942 739 976 797 ut
999 754 1134 819 cumque
1160 733 1231 799 OD.
1270 733 1342 800 For-

215 841 299 901 tasse
316 860 426 902 verum
450 843 499 902 est
522 848 556 902 ut
579 859 715 923 quaeque
739 860 788 902 res
810 841 861 920 sit,
885 843 1032 904 errarunt
1056 843 1169 905 autem
1195 842 1340 926 quicum

215 943 324 1009 Reizio
346 953 390 1009 est
412 946 644 1010 substituerunt
667 968 725 1030 pro
748 948 797 1024 sit,
822 947 906 1029 quod
929 950 1016 1011 reete
1039 946 1191 1012 defendit
1208 947 1341 1013 Mueller

215 1050 349 1116 Nachtr.
374 1052 405 1135 p.'
431 1049 522 1136 141]

321 1263 364 1332 ll.
411 1265 712 1331 Coniunctivus
743 1268 798 1332 ubi
834 1268 924 1332 nobis
947 1267 1088 1332 occurrit
1111 1269 1153 1332 ad
1179 1270 1213 1333 id
1237 1269 1337 1353 quod

213 1376 275 1436 est
310 1377 365 1437 aut
403 1374 484 1437 fuit
518 1375 702 1457 respiciens,
737 1396 814 1437 non
849 1395 888 1437 ex
916 1374 1080 1439 modorum
1104 1376 1334 1441 assimilatione

213 1483 302 1544 ortus
325 1484 381 1559 est,
407 1485 443 1544 ut
465 1484 537 1564 post
560 1502 651 1566 quom
674 1482 815 1545 causale:

213 1602 312 1667 Persa
328 1605 404 1670 290.
428 1605 553 1669 tandem
577 1612 611 1669 ut
634 1606 733 1683 liceat,

429 1711 544 1793 Quom
566 1733 667 1776 servos
690 1714 756 1794 sis,
780 1733 897 1777 servom
920 1712 975 1776 titi
999 1714 1078 1777 mole
1102 1713 1218 1780 dicere.

538 1817 603 1902 [uti
625 1820 715 1882 liceat
738 1818 778 1895 A,
802 1819 926 1883 adierat
948 1817 1004 1903 B.]
1168 1878 1172 1892 ,

319 1923 368 1988 De
393 1923 511 2010 Amph.
537 1926 611 2001 819,
635 1925 704 1990 Mil.
732 1926 795 1990 188
819 1932 850 1990 et
870 1926 965 1991 Most.
984 1926 1070 1991 1100
1086 1927 1154 1993 iam
1175 1928 1331 2012 disputavi

212 2052 265 2114 pp.
291 2032 332 2095 98
357 2033 486 2097 et'104.

626 2199 661 2256 Β.
707 2197 911 2257 Indieativus
1007 2212 1010 2217 ·

317 2306 342 2371 I.
389 2331 549 2392 semper
594 2309 749 2372 retinetur
790 2312 823 2372 et
856 2309 890 2372 in
928 2308 1127 2374 definitis
1165 2312 1330 2377 sententiis

210 2414 245 2496 (i.
262 2437 290 2480 e.
306 2415 340 2478 in
364 2420 451 2479 certa
474 2438 508 2480 re
533 2416 599 2480 sive
624 2416 784 2498 praesenti
808 2413 875 2480 sire
899 2415 1075 2499 praeterita
1090 2416 1159 2482 sive
1175 2419 1330 2501 instanti),

210 2525 243 2584 et
276 2522 310 2585 in
338 2522 383 2585 eis
418 2523 583 2587 sententiis
618 2521 815 2601 infinitis,
850 2543 951 2605 quae
986 2543 1056 2587 eum
1092 2526 1242 2608 regentis
1264 2545 1329 2591 oon·

209 2627 343 2693 iunetivi
378 2632 520 2712 ternpore
555 2651 616 2694 non
652 2633 832 2714 congruunt
855 2629 875 2693 i.
901 2651 928 2695 e.
954 2652 1036 2714 quae
1064 2631 1110 2694 ad
1147 2653 1330 2715 praesens

210 2738 274 2798 aut
307 2736 567 2819 praeteritum
602 2740 752 2818 tempus
787 2735 1018 2801 referuntur.

315 2839 358 2906 ΙΙ.
406 2865 492 2907 raro
516 2844 549 2906 in
573 2842 756 2922 infinitis,
780 2863 874 2926 quae
909 2843 953 2906 ad
987 2844 1157 2908 futurum
1180 2850 1330 2931 tempus

208 2949 291 3012 sieut
314 2950 532 3014 coniunctivus
556 2971 671 3034 regens
695 2949 922 3032 respiciunt.

317 3145 344 3210 1.
392 3144 612 3210 Relativae
636 3147 823 3226 sententiae,

314 3259 339 3326 I.
387 3283 468 3345 quae
492 3261 532 3325 ad
556 3262 588 3325 id
612 3263 710 3346 quod
735 3265 793 3326 est
816 3265 880 3326 aut
903 3260 979 3324 fuit
1001 3260 1190 3343 respiciunt.

313 3383 370 3449 Nil
412 3386 527 3450 attinet
567 3387 673 3451 omnia
711 3387 877 3450 enuntiata
915 3407 1112 3463 enumerare,
1152 3408 1237 3471 quae
1277 3395 1329 3454 aut

206 3493 405 3557 substantiva
429 3497 483 3557 aut
506 3494 693 3578 pronomina
716 3494 756 3556 ad
781 3497 885 3557 certas
909 3515 959 3557 res
984 3496 1039 3557 aut
1062 3497 1167 3558 certos
1184 3493 1327 3560 homines

206 3600 384 3681 spectantia
409 3600 563 3664 definiunt
586 3601 637 3665 vel
661 3601 824 3684 explicant
847 3603 882 3664 ut

206 3704 262 3770 As.
287 3706 362 3771 644.
420 3707 558 3770 Proinde
592 3707 695 3771 istud
715 3707 820 3789 sorios
843 3709 916 3791 ipse,
941 3708 1036 3792 quod
1057 3706 1220 3790 faciamus
1243 3709 1328 3774 nobis

525 3814 667 3877 suades.

205 3917 297 4002 Gapt.
318 3919 392 3984 609.
417 3918 497 3982 Istic
520 3921 575 4004 qui
596 3920 657 3982 volt
679 3922 846 3984 vinciatur.

204 4023 288 4090 Rud.
314 4026 387 4092 158.
425 4026 550 4090 Utinam
575 4028 602 4090 is
625 4028 666 4090 sit
688 4048 776 4111 quem
800 4048 852 4110 epo
875 4047 999 4112 quaero.

311 4149 360 4214 Ea
384 4155 490 4214 autem
514 4151 645 4214 afferam
670 4151 816 4235 exempla
839 4173 920 4234 quae
945 4154 1000 4215 aut
1023 4155 1127 4216 certas
1143 4174 1195 4217 res
1212 4155 1326 4218 omisso

204 4256 360 4323 correlato
384 4257 526 4321 indicant
550 4262 605 4320 aut
621 4257 740 4345 aliquid
757 4258 901 4323 infinitae
918 4258 1053 4323 notionis
1069 4280 1179 4325 seeum
1192 4259 1324 4327 habent.
