3076 5190
673 505 847 570 ..10-

204 682 319 747 Bacch.
330 683 425 748 1097.
439 681 611 768 Omniaque
633 691 669 746 m
691 684 825 768 quidque
851 689 983 746 actumst
1017 685 1214 746 memoravit:
1249 706 1318 747 cum

545 791 603 854 sibi
625 791 707 853 tum
730 812 848 854 omnum
871 791 1071 853 conductam:

438 898 597 961 Relicuma
631 898 664 959 e'd
698 899 773 960 ouri
806 896 925 977 fuctum
959 898 1041 981 quod
1063 919 1115 981 eqo
1137 900 1172 960 ei
1194 899 1314 962 stultis·

544 1024 653 1067 sumus
675 1004 762 1066 tomo
784 1005 1070 1086 promisissem.

311 1119 449 1183 Facilius
472 1119 505 1182 in
529 1118 589 1182 hoc
613 1141 661 1182 ex.
687 1118 967 1183 demonstrativum
991 1141 1079 1202 pron.
1097 1118 1241 1184 adhiberi
1267 1143 1322 1204 po·

204 1228 266 1291 tuit
290 1229 418 1310 propter
441 1226 629 1308 interposita
657 1227 754 1289 verba
778 1226 980 1289 stultissimus
999 1225 1095 1304 tomo,
1114 1249 1194 1309 quae
1218 1225 1320 1290 Nico-

207 1334 297 1398 bulus
320 1355 425 1410 senex,
451 1355 513 1415 qua
537 1333 673 1395 stultitia
696 1355 730 1394 se
747 1333 850 1416 egisse
867 1333 1031 1417 intelligit,
1048 1335 1116 1416 ipse
1137 1334 1320 1397 exclamans

204 1442 309 1505 verbis
334 1439 443 1503 militis
467 1439 589 1503 inserit.
634 1437 719 1503 Nam
745 1439 783 1502 ad
806 1440 967 1522 obliquam
992 1441 1168 1503 orationem
1193 1441 1213 1504 i.
1232 1463 1258 1503 e.
1280 1443 1320 1505 ad

206 1547 315 1611 militis
339 1548 437 1611 verba
460 1568 520 1610 non
546 1550 676 1628 possunt
700 1547 868 1628 pertinere,
894 1548 947 1629 qui
972 1547 1067 1610 stulte
1092 1547 1196 1629 egisse
1220 1545 1319 1610 Nico·

205 1653 313 1717 bulum
338 1653 496 1717 nescierit.

313 1761 371 1823 Sed
395 1759 482 1824 nulla
506 1761 656 1823 eiusmodi
680 1753 730 1823 ¹est
754 1760 947 1842 pronominis
972 1761 1132 1824 excusatio
1156 1761 1190 1824 in

206 1865 288 1931 Rud.
315 1866 410 1931 1378.
441 1866 477 1930 Si
498 1867 638 1929 vidulum

442 1972 538 2035 Ham
584 1974 763 2055 redcqisscm
810 1976 840 2034 m
886 1980 1061 2055 potestatem
1103 1975 1200 2050 cius,
1237 1975 1322 2036 iuro-

549 2076 652 2161 tms<t>
678 2080 755 2141 doro

442 2184 528 2247 Mihi
550 2186 700 2248 talentum
722 2204 871 2265 moenum
895 2188 1026 2267 oraculi.

618 2361 653 2424 Β.
700 2365 911 2425 Indicativus.

315 2476 425 2542 Oratio
447 2477 575 2560 obliqua
599 2478 674 2541 licet
697 2474 745 2540 Ill
770 2499 921 2559 personae
943 2478 1039 2540 verbo
1057 2478 1207 2559 primario
1224 2501 1321 2561 prae·

209 2587 300 2668 cipue
336 2585 556 2669 subiungatur,
587 2588 781 2648 tamennon
806 2584 876 2647 ideo
900 2585 1050 2660 exoritur,
1076 2587 1150 2667 quia
1173 2582 1222 2648 Ill
1247 2608 1321 2669 per-

209 2714 303 2756 sonae
340 2696 388 2754 est
421 2692 552 2756 verbum
588 2691 732 2774 primarii
768 2691 933 2767 enuntiati,
969 2692 1030 2754 nisi
1067 2693 1163 2754 etiam
1192 2693 1323 2756 adeius

210 2802 359 2876 mentem,
395 2799 433 2861 de
468 2820 530 2881 quo
564 2799 766 2881 praedicatur
800 2798 860 2861 hoc
896 2799 1080 2879 primarium
1114 2800 1322 2874 enuntiatum,

210 2906 385 2969 sententiae
410 2905 614 2968 secundariae
639 2905 829 2967 referuntur.

317 3013 361 3076 m
394 3013 521 3095 quidem
556 3035 619 3074 non
654 3011 754 3075 solum
790 3012 821 3074 in
857 3012 902 3074 eis
926 3013 1090 3075 sententiis
1115 3014 1321 3092 secundariis,

211 3142 292 3203 quae
317 3120 356 3183 ad
391 3120 521 3182 verbum
548 3119 671 3181 finitum
695 3118 802 3180 statim
827 3139 860 3180 se
885 3118 1056 3201 applicant,
1082 3120 1249 3183 scribentis
1274 3122 1324 3184 vel

212 3227 368 3309 loquentis
404 3225 570 3289 arbitrium
603 3228 660 3296 est,
686 3230 791 3288 utrum
815 3225 882 3307 ipse
907 3225 971 3287 suis
994 3227 1099 3288 verbis
1123 3248 1189 3289 rem
1214 3249 1322 3291 veram

213 3333 303 3396 malit
337 3354 476 3409 narrare,
505 3355 543 3395 an
581 3354 619 3395 ex
654 3332 721 3395 eius
753 3332 857 3394 animo
882 3331 919 3393 de
944 3353 1005 3414 quo
1029 3331 1170 3414 loquitur
1193 3335 1323 3417 eiusque

212 3441 318 3504 verbis
353 3439 525 3502 sententias
561 3439 712 3521 proferre.
760 3437 828 3513 Qua
864 3439 895 3500 in
931 3460 964 3500 re
998 3442 1150 3521 quantum
1175 3441 1323 3504 licentiae

213 3547 274 3610 sibi
298 3546 488 3610 concesserit
512 3544 642 3609 Plautus
666 3545 725 3609 hoc
749 3568 797 3609 ex.
823 3545 1031 3608 demonstrat:

215 3662 330 3726 Bacch.
351 3662 424 3724 735.
451 3661 621 3744 Clorysolas
640 3661 716 3723 miti
739 3682 832 3746 usqm
855 3681 975 3744 quoquc
999 3662 1138 3745 loquitur
1162 3684 1214 3725 ccc
1237 3671 1328 3743 recto,

553 3774 655 3850 poter,

451 3873 533 3951 Quia
553 3873 608 3935 tibi
631 3894 746 3936 currem
770 3873 932 3936 reddidi
955 3882 983 3937 ct
1005 3878 1080 3959 quio
1104 3898 1163 3939 noc
1188 3884 1215 3939 lc
1233 3874 1309 3961 (dc)

555 3981 849 4061 frceuolooercm.

323 4092 407 4158 Nam
442 4116 508 4157 rem
543 4118 616 4159 vere
651 4097 768 4159 factam
804 4096 1016 4160 Mnesilochus
1040 4098 1108 4180 ipse
1132 4100 1196 4162 suis
1221 4100 1328 4163 verbis

218 4204 339 4264 narrat:
363 4203 437 4284 quio
469 4242 498 4248 -
528 4201 659 4278 reddidi,
685 4202 760 4284 quid
785 4207 890 4265 autem
914 4225 975 4267 non
996 4204 1117 4279 fecerit,
1135 4204 1324 4289 Chrysalum
