3076 5190
556 578 752 649 -185-

199 751 396 827 indicativus
430 762 658 847 intelligendus
686 765 735 826 est
758 763 855 826 etiam
879 761 911 826 in
935 760 981 828 St.
1006 763 1072 826 594
1095 761 1149 826 uti
1175 799 1213 809 -

91 868 227 933 abierint
243 870 378 946 [aderint
396 868 448 949 P],
461 869 578 934 Bacch.
593 871 635 934 45
660 869 712 934 ubi
740 910 774 919 -
801 868 956 933 dediderit
980 866 1116 953 [dederit
1132 867 1213 954 11Ζ],

92 975 185 1060 Gapt.
209 976 341 1040 tat-5
374 996 465 1062 quom
498 1013 536 1021 --
563 977 744 1040 abscesseris
769 1011 809 1021 -
833 978 1008 1061 reliqueris,
1037 976 1124 1041 Men.
1149 977 1215 1042 543

92 1103 185 1167 quom
207 1119 251 1128 -
273 1081 403 1165 renuis,
427 1082 496 1148 Mil.
524 1083 609 1147 1234
632 1083 685 1146 abi
707 1083 829 1160 viderit,
853 1081 905 1148 Ps.
931 1083 996 1147 660
1019 1082 1073 1147 eet
1088 1085 1213 1147 venerit.

200 1265 227 1307 c.
285 1241 467 1308 Praesentis
509 1244 717 1308 indicativum
758 1247 831 1327 post
864 1243 1038 1327 particulas
1073 1245 1149 1308 dum
1183 1247 1216 1308 et

88 1349 277 1434 priusquam
313 1371 410 1434 supra
444 1351 591 1414 tractavi.
638 1348 699 1425 Qui
728 1351 837 1414 modus
863 1371 935 1414 cum
959 1351 1117 1434 particula
1141 1352 1215 1415 dum

94 1457 173 1521 adeo
196 1456 325 1534 coaluit,
349 1460 385 1521 ut
409 1458 504 1521 etiam
530 1457 569 1520 de
593 1478 628 1521 re
643 1460 772 1541 sumpta
787 1456 978 1522 adhibeatur
993 1459 1026 1521 in
1041 1457 1102 1522 hac
1122 1464 1214 1524 sent:

94 1588 151 1655 As.
175 1590 251 1654 530.
307 1588 443 1654 Ecastor
477 1588 564 1653 uode
596 1592 750 1674 periclum
784 1597 812 1654 et
841 1588 987 1672 familiae
1006 1593 1213 1675 portenditur,

307 1696 407 1761 Dum
442 1699 509 1761 eius
542 1705 820 1781 exspectamus
852 1706 990 1778 mortem,
1014 1721 1052 1762 ue
1074 1720 1131 1763 nos
1152 1720 1216 1763 nee·

415 1805 541 1868 riamur
562 1803 657 1887 fante.

476 1913 558 1975 =si
580 1910 830 1996 eerpeetutimus.

202 2043 310 2108 Etiam
345 2048 418 2127 post
450 2065 541 2130 quom
569 2045 746 2129 praesentis
770 2045 834 2109 ind.
860 2045 1065 2110 adfuturum
1089 2050 1216 2132 tempus

94 2154 242 2235 spectans
265 2152 426 2216 interdum
450 2155 561 2232 restat,
584 2153 612 2216 si
635 2153 762 2237 regenti
785 2154 963 2217 sententiae
988 2155 1163 2219 antecedit:

94 2284 191 2349 Most.
209 2284 283 2350 870.
307 2285 400 2369 prebe
423 2292 535 2349 tectum
557 2285 678 2361 habebo,

309 2391 438 2456 Malum
461 2413 566 2477 quom
589 2391 745 2476 impluit
767 2391 884 2471 ceteris,
909 2415 948 2456 ne
970 2395 1105 2477 impluat
1127 2393 1182 2459 mi.

521 2496 650 2581 [eeteros
673 2496 791 2583 B10D]

202 2628 254 2696 Sic
279 2631 417 2708 defendi,
442 2632 546 2707 credo,
571 2634 679 2716 potest
703 2632 895 2697 indicativus
919 2633 1061 2697 codicum
1086 2633 1119 2697 in

95 2762 148 2829 Ps.
174 2764 247 2829 163.
309 2764 406 2843 Haec,
442 2785 534 2850 quem
568 2785 620 2848 eqo
654 2786 675 2828 a
707 2765 779 2846 foro
817 2773 1017 2847 revertor,
1052 2765 1148 2848 facite
1182 2774 1218 2830 eet

416 2871 572 2953 offendam
591 2879 720 2955 perata.

416 2975 572 3062 [revertor
595 2976 651 3043 OD
675 2999 709 3041 re
731 2985 834 3042 vertor
856 2976 901 3063 B]

95 3094 151 3158 ubi
185 3089 257 3157 cum
292 3091 470 3158 Ritschelio
505 3093 652 3173 editores,
689 3095 831 3177 exceptis
866 3092 963 3171 G.·S.‚
1000 3096 1144 3160 scribunt
1168 3117 1219 3160 re·

95 3208 212 3264 vertar.
260 3197 312 3264 Ad
347 3222 498 3284 praesens
531 3222 589 3284 pro
623 3200 731 3265 futuro
766 3200 815 3264 cfr
845 3223 894 3266 ex.
919 3223 968 3287 gr.
993 3201 1045 3267 Ps.
1071 3203 1146 3279 375,
1171 3200 1216 3268 st.

98 3307 170 3386 124,
196 3305 295 3371 Merc.
320 3307 385 3371 459
410 3312 442 3371 et
466 3328 516 3372 ex.
541 3330 571 3389 p.
599 3307 659 3371 181
687 3306 794 3372 allata.

203 3413 286 3490 Quin
310 3435 408 3479 unum
433 3418 482 3478 est
505 3436 565 3490 ex„
590 3415 674 3497 quod
697 3414 764 3499 legi
792 3414 905 3500 cangii
928 3415 948 3478 l.
974 3416 994 3479 1.
1020 3438 1051 3499 p.
1076 3417 1118 3481 37
1144 3437 1218 3480 con·

96 3520 255 3585 tradicere
296 3521 423 3584 videtur
464 3521 634 3584 statuentis
669 3521 906 3587 coniunctivum
944 3522 1121 3606 praesentis
1160 3545 1218 3606 pro

11 3641 12 3644 ’
95 3628 197 3692 futuri
231 3627 406 3692 indicativo
440 3627 595 3705 adhiberi,
629 3650 700 3692 cum
725 3630 902 3693 membrum
925 3629 1094 3695 relativum
1119 3630 1219 3693 inter·

95 3734 213 3799 iectum
238 3735 281 3798 sit
305 3734 517 3799 enuntiationi
541 3757 623 3819 quae
647 3735 882 3801 coniunctivum
907 3735 1041 3801 habeat:

96 3848 166 3913 Mil.
192 3850 266 3915 811.
316 3850 355 3914 Ut
378 3872 489 3934 quom
513 3848 607 3914 etiam
629 3851 678 3914 tic
701 3850 802 3935 uqit,
827 3858 968 3916 actutum
985 3849 1093 3936 partis
1112 3851 1219 3933 defen·

416 3958 475 4021 des
498 3965 579 4024 tuae.
626 3954 713 4041 [eum
737 3957 803 4039 (11),
828 3979 912 4022 nuuc
936 3956 978 4042 B]

203 4071 304 4138 Recte
329 4073 542 4138 coniecturam
566 4072 737 4138 Ritschelii
761 4082 828 4158 eqet
852 4074 983 4138 damnat
1006 4079 1125 4158 Lange,
1146 4095 1219 4137 nam

96 4177 289 4244 indicativus
324 4179 424 4245 futuri
459 4181 492 4245 in
528 4181 585 4244 tali
620 4202 704 4244 nexu
739 4181 816 4244 ferri
858 4181 980 4265 nequit.
1039 4180 1219 4245 Praesentis

98 4288 206 4350 autem
241 4286 433 4352 indicativus
468 4287 575 4353 nescio
610 4310 651 4352 an
685 4288 719 4354 in
753 4289 851 4353 verbo
885 4295 1026 4352 actutum
1056 4285 1219 4374 ’segleich'
