3076 5190
677 592 855 677 „45-

397 773 546 872 [taceant
567 788 653 864 libri,
677 787 815 852 talitant
837 809 918 853 corr.
943 784 1136 872 Hermann]

207 883 301 962 Truc.
319 897 395 960 322.
420 893 524 960 Piscis
547 916 600 978 eqo
623 895 712 959 credo
734 931 778 945 -

421 982 537 1067 Minus
559 1000 616 1066 diu
640 1003 745 1067 lucere
768 1022 862 1087 quum
884 1001 958 1066 haec
980 1002 1075 1068 tacut.

315 1114 416 1183 Indic.
440 1118 575 1202 perfecti
598 1121 622 1181 t.
646 1120 704 1182 est.

209 1226 303 1290 Most.
322 1226 396 1291 710.
421 1223 514 1307 (scio)
539 1223 649 1289 Peic'us
668 1223 797 1308 posthac
818 1224 888 1306 fore
909 1245 1023 1310 quam
1045 1222 1131 1307 fuit
1153 1222 1243 1289 mici.

316 1387 347 1451 3.
394 1384 591 1450 Gausales
618 1384 795 1449 sententiae

209 1503 275 1566 sive
311 1501 454 1566 adverbii
488 1501 612 1566 vicibus
645 1501 832 1585 funguntur,
856 1522 938 1585 quae
961 1500 1082 1565 liberae
1107 1501 1174 1565 fere
1198 1505 1273 1566 sunt
1296 1505 1329 1565 ct

209 1610 313 1692 ipsum
336 1609 470 1672 verbum
494 1629 609 1693 regens
634 1607 798 1676 definiunt,
824 1611 860 1671 ut

317 1714 373 1779 As.
392 1715 445 1794 82,
469 1713 586 1779 Bacch.
601 1715 654 1794 59,
675 1713 752 1780 cist.
767 1715 841 1792 290,
866 1712 965 1779 Merc.
979 1716 1053 1793 521,
1071 1714 1147 1786 577,
1169 1714 1264 1780 Most.
1277 1715 1330 1795 29,

213 1823 307 1898 1079,
333 1822 383 1887 Ps.
408 1822 551 1902 476-7,

211 1932 277 1994 sive
291 1929 427 1995 subiecti
440 1933 495 1992 aut
506 1929 623 1994 obiecti
635 1927 704 1992 loco
716 1927 882 1992 infinitivis
894 1928 1039 2011 proxime
1049 1932 1123 1991 sunt
1132 1927 1329 1993 subiunctac:

211 2055 285 2120 Aul.
310 2054 384 2118 418.
424 2053 520 2117 Istud
542 2052 757 2135 malefactum
774 2051 922 2133 arbitror,
939 2050 1030 2137 quic
1052 2053 1214 2115 esculatus
1237 2050 1329 2132 fodi.

212 2162 302 2244 Capt.
326 2162 400 2225 620.
425 2161 487 2224 Sed
508 2159 563 2224 hcc
581 2158 725 2244 primum
747 2180 795 2224 mc
820 2157 1008 2243 ecpuviycre
1031 2157 1086 2222 titi
1110 2159 1186 2239 uoto,
1207 2180 1256 2223 me
1278 2157 1330 2222 in·

530 2264 654 2330 sunium

425 2372 529 2458 Neque
563 2379 665 2436 tenere
698 2392 794 2456 neque
816 2373 860 2435 mi
882 2392 945 2435 esse
968 2372 1068 2435 ultum
1092 2371 1242 2449 morbum,
1267 2371 1331 2433 uisi

531 2480 632 2564 quod
655 2479 795 2543 servio,

326 2590 400 2655 943.
425 2589 482 2670 (te)
506 2587 615 2651 Nolim
631 2607 817 2666 suscensere,
834 2587 920 2672 quod
934 2607 986 2670 eqo
1002 2589 1106 2651 iratus
1120 2588 1149 2650 ei
1163 2585 1224 2667 feci
1238 2586 1329 2650 mule.

215 2697 263 2761 Ps.
289 2697 430 2761 642-3.

319 2857 349 2920 4.
396 2854 665 2939 Temporales
689 2854 883 2918 sententiae:

318 2980 459 3046 Perfecti
481 2979 689 3045 indicativus:

212 3089 298 3153 Men.
323 3086 398 3153 943.
424 3087 469 3152 Ec
489 3094 685 3172 postquam
708 3107 743 3149 es
766 3087 925 3149 emissus
948 3105 1072 3148 caesum
1094 3084 1151 3167 (sc.
1169 3085 1209 3167 te)
1232 3087 1330 3168 circis

532 3192 588 3258 sut
610 3192 705 3274 furca
728 3193 801 3255 scic.

268 3320 272 3329 ’
320 3318 502 3384 Praesentis
525 3317 735 3382 indicativus:

215 3425 332 3511 Amph.
350 3426 425 3490 980.
455 3424 529 3488 Volo
552 3423 658 3487 deludi
680 3420 782 3502 illum,
807 3419 928 3503 [elutum
952 3440 1023 3483 cum
1046 3419 1103 3482 tec
1126 3421 1279 3484 usuraria

455 3529 556 3594 Uecre
579 3549 662 3594 nuuc
685 3527 763 3592 miti
786 3525 952 3610 mceiyero.

213 3639 258 3705 St.
285 3639 360 3705 701.
406 3636 523 3704 Bacch.
549 3637 622 3700 531.

213 3745 311 3810 Merc.
327 3744 423 3810 1010.
447 3744 527 3807 tuuc
561 3743 627 3806 colo
653 3748 746 3826 prius
769 3761 835 3804 rem
858 3739 911 3824 uqi
934 3752 1028 3826 ‘quum
1050 3761 1152 3804 meum
1175 3738 1261 3804 intro
1284 3763 1331 3805 re-

532 3850 600 3932 fero
622 3850 738 3934 pedem

320 3975 434 4041 Futuri
456 3975 646 4039 indicativus
669 3975 703 4038 in
727 3976 815 4038 certa
838 3994 890 4038 re:

214 4085 272 4150 As.
297 4084 371 4149 869.
428 4082 493 4166 Euo
516 4081 599 4146 istuc
621 4079 684 4145 scio

427 4188 481 4252 Ita
502 4187 572 4270 fore
593 4185 655 4269 uei,
691 4187 775 4249 dum
797 4184 923 4271 quidem
945 4205 1016 4248 cum
1037 4183 1093 4248 illc
1116 4191 1217 4268 nuptu
1240 4183 1332 4250 ere‘s.

215 4314 311 4380 simul
334 4317 455 4379 certum
480 4315 538 4377 aut
560 4312 729 4376 imminens
752 4316 879 4395 tempus
903 4310 1044 4375 futurum
1069 4310 1255 4395 designans:
