3076 5190
687 606 861 671 ..67-

208 785 293 848 enim
329 784 418 848 deest
452 787 508 848 aut
542 806 601 868 per
635 781 876 869 brachylogiam
901 783 975 849 addi
999 788 1104 868 potest
1127 784 1159 848 in
1184 785 1331 870 exemplo

208 891 328 955 allato?
392 888 495 966 Nihil,
531 891 623 955 modo
657 913 696 954 ee
730 892 837 969 verba,
878 913 960 975 quae
996 892 1119 970 adsunt,
1157 892 1331 976 diligenter

208 1003 398 1082 spectemus,
423 1000 456 1062 et
479 1020 517 1061 ea
540 998 781 1083 coniungamus,
804 1020 887 1081 quae
911 1000 985 1062 sunt
1008 998 1241 1082 coniungenda.

315 1106 349 1168 Si
384 1105 467 1168 enim
504 1105 681 1188 coniungas
705 1128 713 1170 ε
737 1104 766 1168 si
792 1104 913 1186 eomas,
939 1109 1091 1185 -potes
1113 1105 1202 1169 nulla
1225 1106 1333 1170 evadit

208 1213 291 1276 ratio
315 1211 552 1276 condicionalis.
599 1209 684 1275 Nam
715 1216 805 1291 potes
827 1212 971 1276 absolute
996 1212 1116 1276 dictum
1141 1215 1198 1290 eet,
1222 1211 1253 1275 ci
1275 1233 1331 1276 ca·

202 1317 283 1398 ptos
304 1319 371 1384 voti
393 1318 464 1383 loco
488 1321 545 1382 est.
583 1320 643 1383 Sed
659 1319 686 1382 si
704 1319 895 1407 infinitivum
918 1319 1060 1401 facere
1082 1320 1217 1403 spectes,
1237 1341 1331 1384 verus

208 1425 432 1489 condicionalis
463 1447 564 1488 nexus
588 1426 701 1489 elucet.
749 1423 786 1489 ln
810 1426 969 1491 infinitivo
992 1426 1076 1489 enim
1102 1425 1232 1489 latetis
1256 1447 1331 1490 con·

207 1532 366 1595 iunctivus
402 1532 440 1594 ad
476 1554 571 1615 quem
607 1534 777 1617 respondet
809 1532 952 1596 condicio
976 1532 1031 1596 illa
1054 1532 1085 1597 a·
1106 1531 1228 1613 sapias.
1254 1555 1261 1598 :
1288 1530 1329 1597 Si

207 1638 329 1718 sapiae,
365 1658 477 1702 caram
510 1637 594 1702 tone
626 1637 790 1721 conpendi
805 1637 928 1722 socias.
976 1639 1101 1703 Deinde
1126 1641 1223 1704 verbo
1241 1643 1331 1721 potes

209 1744 289 1808 haec
314 1744 463 1828 periodus
487 1745 702 1830 subiungitur.

315 1867 416 1944 Quam
453 1870 697 1953 explicationem
726 1872 788 1934 iam
814 1893 844 1954 p.
870 1871 908 1933 21
937 1871 1047 1954 paucis
1071 1871 1258 1935 adumbravi
1283 1873 1330 1933 at·

208 1998 270 2059 que
296 1977 354 2038 lroc
378 1976 600 2061 impersonalis
627 1978 714 2041 verbi
740 1977 887 2061 exemplo
912 1978 1085 2042 illustravi:

209 2093 326 2165 Bacch.
341 2101 415 2165 818.
441 2100 540 2165 Hunc
562 2101 599 2165 ei
621 2101 706 2165 ollae
727 2101 804 2165 (teas
827 2106 992 2177 amaret,
1013 2103 1090 2184 plue
1105 2101 1202 2166 uanis
1218 2103 1329 2178 decem

445 2206 527 2271 Plus
548 2207 617 2271 iam
640 2206 755 2289 raptati
776 2213 970 2272 mortuom
999 2228 1084 2272 esec
1107 2207 1301 2288 oportuit.

208 2316 229 2378 i.
255 2338 281 2377 e.
307 2315 337 2378 ei
359 2351 402 2361 -—
427 2320 558 2390 amaret,
583 2319 725 2379 mortuus
747 2321 824 2378 asset
845 2350 889 2360 -
913 2315 987 2394 (ita)
1011 2315 1156 2397 oportuit.

317 2440 438 2504 Eadem
474 2439 556 2503 ratio
587 2439 719 2503 forsitan
744 2440 840 2503 etiam
865 2440 1006 2524 apertior
1029 2441 1079 2516 sit,
1105 2441 1160 2504 ubi
1183 2442 1224 2506 ab
1248 2442 1327 2506 indi-

209 2547 313 2610 cativo
337 2547 426 2611 verbi
451 2546 584 2610 modalis
608 2568 670 2610 non
687 2546 862 2611 infinitivus
879 2548 1006 2630 pendet,
1024 2547 1080 2610 sed
1096 2547 1327 2629 coniunctium,

209 2674 244 2734 ut
268 2669 319 2735 Ps.
345 2670 420 2736 285.
443 2668 525 2734 Fuit
548 2669 678 2746 eccesie,
707 2669 744 2733 si
772 2670 903 2749 veltet,
927 2670 995 2735 iam
1013 2670 1143 2751 pridem
1166 2678 1331 2755 arpentum

551 2781 592 2840 ut
623 2776 748 2841 daret.

314 2899 399 2965 Nam
435 2902 529 2965 nimis
565 2902 678 2965 mirum
715 2906 773 2977 est,
811 2903 1010 2987 Langenium
1045 2903 1077 2966 in
1113 2902 1175 2968 hoc
1202 2925 1329 2989 quoque

208 3009 356 3092 exemplo
392 3009 430 3071 de
466 3008 571 3092 ellipsi
595 3008 734 3073 locutum
760 3030 828 3072 esse
852 3031 884 3092 p.
909 3010 962 3086 46,
987 3011 1086 3074 verba
1106 3008 1175 3092 suit
1197 3008 1327 3086 occasio,

207 3113 237 3178 si
260 3114 349 3179 vellet
372 3115 597 3199 explicantem,
626 3137 819 3200 quamquam
842 3116 913 3181 luce
937 3116 1053 3180 clarius
1078 3119 1125 3180 est
1148 3118 1247 3182 verba
1269 3117 1330 3181 hac

208 3223 333 3286 ratione
358 3221 520 3306 iungenda
543 3243 627 3287 esse:

328 3345 410 3410 Fuit
432 3346 553 3410 occasio
577 3345 644 3410 iam
662 3345 791 3428 pridem
813 3351 855 3410 ut
878 3347 1004 3424 daret,
1028 3346 1065 3412 si
1087 3348 1216 3413 veltet.

317 3471 427 3535 Simile
452 3475 572 3536 estex.
598 3472 775 3554 praesentis
798 3473 952 3556 temporis

208 3595 281 3659 Ter.
295 3593 397 3661 Andr.
411 3596 485 3661 918.
519 3594 574 3658 Ni
606 3600 777 3660 metuam
807 3602 942 3678 patrem,
977 3596 1076 3662 habeo
1105 3617 1168 3678 pro
1202 3596 1263 3661 itta
1296 3617 1331 3661 re

626 3702 719 3767 illum
741 3703 826 3784 qaod
846 3724 1024 3768 moneam
1050 3705 1157 3785 prote.

316 3826 395 3892 (lum
431 3828 514 3892 enim
550 3829 683 3893 verbum
719 3830 803 3913 quod
838 3833 886 3893 est
915 3829 1013 3894 lacteo
1035 3829 1124 3892 nulla
1148 3828 1329 3893 condicione

209 3935 375 3998 astrictum
399 3935 452 4011 sit,
469 3938 604 4018 apparet
620 3935 660 3999 ad
676 3934 759 3999 hauc
775 3957 919 3999 normam
937 3937 1035 4000 verba
1051 3956 1119 3999 esse
1136 3934 1329 4018 copulanda:

390 4036 394 4044 .
442 4057 574 4139 ,Habeo
598 4058 682 4143 quod
705 4079 848 4124 moneam
870 4059 908 4124 wi
929 4061 1096 4124 metuam‘.

207 4181 283 4248 Aul.
309 4184 385 4262 320,
409 4182 498 4248 'Prin
523 4182 664 4263 85-87,
692 4183 832 4249 157-8.

300 4308 376 4372 .Scd
400 4308 441 4375 ad
463 4307 639 4375 infinitiros
663 4309 841 4376 redeamus,
