3076 5190
173 2044 187 2079 Ι

670 572 868 642 -188-

208 752 327 841 Amph.
345 757 419 821 608.
445 755 526 822 Coae
548 758 723 840 quicquam,
759 754 842 818 nisi
877 754 980 838 quod
1011 753 1166 839 rapodo
1200 761 1238 834 tc,
1259 752 1328 818 miti

528 861 734 946 responderis.

315 986 496 1051 Praesentis
520 986 711 1051 indicativus
735 985 767 1048 in
791 984 923 1048 definita
945 989 1026 1048 sent.
1054 990 1105 1050 est

208 1093 302 1159 Most.
322 1094 397 1160 396.
424 1093 516 1157 Potin
540 1101 575 1156 ut
600 1128 640 1137 -
663 1091 768 1174 facias
790 1093 873 1177 quod
896 1092 1004 1155 iubeo?

315 1217 348 1280 in
372 1216 498 1280 infinita
520 1219 593 1300 post
616 1214 683 1279 nisi
705 1216 788 1298 quod
810 1216 927 1280 omisso
949 1217 1079 1300 regenti
1102 1218 1314 1282 coniunctivo.
1379 1229 1383 1238 “

208 1322 302 1388 Tmo.
320 1324 395 1388 801.
421 1319 546 1407 Oa(oe>
572 1330 605 1386 iu
629 1323 692 1386 nisi
714 1323 796 1408 qaod
818 1329 846 1386 tc
867 1344 942 1407 ropo
964 1321 1081 1406 [nisiJ.

544 1425 619 1513 [cate
642 1451 699 1513 pro
722 1429 829 1512 priore
854 1431 917 1493 niai
939 1427 984 1514 B]

315 1662 346 1725 4.
393 1661 568 1726 Absolutae
603 1665 678 1725 sunt
711 1662 1021 1745 comparativae
1056 1667 1141 1728 sent.
1180 1663 1215 1726 in
1248 1663 1332 1726 initio

209 1769 348 1855 periodi:

209 1894 266 1959 As.
290 1892 344 1958 28.
423 1897 466 1954 ut
488 1892 553 1975 ipsc
575 1891 693 1970 scibo,
718 1898 746 1955 tc
767 1890 886 1973 facium
908 1898 943 1954 ui
965 1891 1056 1955 scias.

287 1998 361 2063 288.
422 1995 589 2075 Postremo,
615 2004 656 2060 ct
686 1998 792 2061 colea
819 2018 876 2061 noa
898 2018 970 2078 esce,
995 1999 1219 2082 synprupkum
1241 1999 1331 2081 facito

529 2102 667 2184 adferas.

430 2209 468 2274 Ut
490 2210 580 2292 voleat
606 2245 646 2254 -
671 2209 757 2273 nobis
780 2211 872 2294 lepem
896 2212 1064 2295 imponito:

423 2316 520 2381 Modo
543 2323 642 2380 tecum
665 2336 732 2379 una
754 2324 919 2401 arpentum
942 2316 1075 2400 adferto,
1102 2354 1156 2382 -.

529 2423 641 2504 (facito
664 2423 1009 2506 adferaa=adfcrto.)

316 2654 385 2721 IIb.
432 2653 498 2721 Ubi
527 2655 566 2719 ad
602 2675 800 2738 praesens
838 2658 964 2738 tempus
1002 2657 1140 2738 utraque
1173 2655 1328 2719 sententia

208 2763 348 2847 pertinet
382 2763 515 2826 liberius
545 2761 736 2826 indicativus
760 2761 891 2825 retineri
914 2760 1049 2825 videtur.
1097 2759 1224 2826 Paucos
1248 2762 1327 2826 enim

208 2870 362 2935 eiusmodi
397 2869 613 2934 coniunctivos
647 2868 847 2952 repperimus
880 2866 988 2950 (Most.
1027 2867 1100 2944 173,
1137 2866 1229 2933 Trin.
1265 2868 1325 2933 210

208 3001 240 3061 p.
266 2975 522 3053 152-330urc.
548 2975 612 3041 379
636 2998 668 3059 p.
694 2974 746 3053 823
770 2975 803 3039 in
827 2974 927 3040 Mero.
951 2975 1072 3058 5131).
1098 2975 1163 3039 154
1188 2979 1262 3060 post
1283 2973 1327 3038 rei

207 3088 354 3167 sumptae
384 3082 650 3163 coniunctivum):
698 3082 782 3165 apud
816 3081 990 3148 infinitivos
1025 3081 1058 3144 in
1093 3081 1202 3166 priore
1239 3081 1327 3147 huius

208 3190 432 3275 disputationis
457 3192 547 3273 parte
572 3188 703 3253 nullum.
1261 3204 1263 3209 ·

317 3343 345 3406 1.
393 3339 626 3406 condicionalis
650 3344 730 3406 sent.
755 3362 837 3424 quae
861 3341 1025 3424 praecedit
1047 3341 1081 3406 in

208 3466 286 3532 Oist.
311 3467 385 3530 645.
424 3465 472 3529 Tu
495 3486 588 3546 navic,
613 3468 642 3529 ai
664 3485 717 3549 eqo
740 3466 806 3528 volo
828 3485 882 3529 acu
905 3465 986 3541 nom,
1009 3464 1077 3527 sola
1099 3483 1148 3528 ose
1171 3471 1208 3528 ui
1230 3467 1329 3528 aivum

526 3570 619 3653 facis,
672 3568 735 3655 [mc
758 3573 824 3636 sola
848 3570 903 3650 B’,
928 3591 976 3635 me
999 3567 1058 3655 B¹]

208 3681 262 3746 ubi
286 3680 417 3763 insuper
440 3679 573 3743 verbum
597 3678 721 3743 modale
746 3682 804 3744 est.
852 3677 901 3744 De
924 3677 994 3742 Mil.
1019 3679 1081 3742 601
1107 3677 1206 3744 infra.

315 3832 345 3896 2.
392 3827 590 3914 Temporalis
613 3829 782 3906 sententia,

314 3975 396 4038 quae
420 3953 504 4017 inter
536 3953 722 4036 primariam
745 3958 778 4017 et
801 3957 966 4037 regentem
990 3956 1070 4017 sent.
1096 3954 1201 4037 posita
1226 3960 1276 4019 est
1297 3955 1329 4018 in

207 4059 296 4125 Trin.
321 4061 395 4124 256.
422 4059 508 4122 Haec
532 4080 688 4144 —quom
714 4096 753 4105 —
778 4067 894 4144 reputo,

426 4165 493 4230 Ubi
515 4163 580 4250 qui
602 4172 694 4249 epm,
717 4187 811 4250 quam
830 4167 915 4251 preti
937 4168 979 4230 sit
996 4168 1102 4250 parvi,

477 4269 601 4356 [repeto
626 4270 666 4347 A,
689 4274 788 4336 recolo
812 4271 838 4336 P
861 4271 982 4352 (rectilo
1005 4270 1063 4358 B)]
