3076 5190
669 572 866 635 -121-

313 748 442 814 Irrealis
466 750 552 813 notio
576 749 719 822 accessit.

314 855 455 922 Iussivus
478 857 603 920 irrealis
627 861 685 933 est,
709 857 749 919 ad
773 879 866 939 quem
892 856 1086 920 assimilatur
1109 857 1235 919 infinita
1255 878 1327 919 scn-

205 966 310 1028 tentia
335 965 468 1028 relativa
495 966 528 1027 in

208 1071 274 1135 Mil.
301 1071 373 1134 731.
420 1069 495 1149 Qui
530 1068 629 1155 lepide
656 1069 836 1153 irepeuiaius
870 1078 985 1149 esset,
1021 1067 1116 1132 iiiam
1152 1068 1326 1152 eitermiu·

526 1198 620 1261 quum
644 1178 765 1258 darent,

420 1283 496 1363 Qui
530 1282 665 1367 improbi
698 1291 829 1347 esseut
868 1292 895 1346 et
929 1281 1055 1360 scelesti,
1092 1283 1121 1346 is
1155 1282 1329 1346 adimerent

527 1389 668 1454 animam
691 1389 760 1454 cita.

207 1498 322 1580 [essent
345 1507 372 1562 et
396 1497 436 1569 A,
461 1505 504 1561 est
528 1496 595 1574 OD,
619 1494 716 1568 illst&
734 1496 785 1575 13¹,
802 1499 826 1562 b
842 1492 894 1573 Bb
919 1495 1118 1559 adbimerarrt
1135 1496 1169 1571 P,
1186 1504 1253 1559 -erri
1270 1492 1328 1578 13²]

206 1613 299 1678 Licet
322 1615 354 1677 in
379 1614 539 1698 praesenti
564 1616 707 1696 ternpore
731 1614 850 1696 cptime
880 1613 1017 1676 dicatur:
1041 1619 1169 1695 pereant
1191 1614 1247 1697 qai
1266 1610 1328 1674 im-

206 1720 297 1802 probi
320 1728 402 1797 suut,
439 1721 472 1783 in
500 1725 606 1782 nostro
631 1742 678 1782 cx.
705 1720 756 1783 vix
782 1742 839 1802 pro
863 1719 1064 1782 coniunctim
1087 1726 1184 1781 essent
1207 1718 1327 1782 indica·
1434 1735 1437 1741 ·

206 1828 306 1891 tivum
331 1835 420 1890 errent
444 1827 593 1891 substitui
618 1848 722 1889 sermo
745 1826 863 1889 latinus
887 1826 1017 1908 patitur.

314 1959 484 2043 Optativus
508 1959 633 2022 irrcalis
657 1965 706 2023 est

209 2066 289 2130 Rud.
315 2066 391 2131 494.
430 2064 557 2129 Utinam
581 2073 609 2129 ie
627 2064 743 2149 prius
766 2086 876 2150 quam
899 2064 997 2128 acutis
1020 2065 1195 2128 vidissem
1220 2063 1296 2127 meis

420 2173 512 2236 Maio
536 2171 679 2236 cruciatu
702 2171 736 2236 in
761 2171 944 2255 Sicilialm]
963 2171 1141 2254 perbiteres.

313 2288 442 2353 Irrealis
479 2290 565 2353 notio
600 2289 695 2352 etiam
733 2289 766 2351 in
801 2288 969 2371 temporali
1004 2293 1084 2352 sent.
1119 2291 1230 2370 aperta
1265 2290 1328 2351 est:

208 2425 248 2448 =
263 2396 388 2460 utinam
423 2403 450 2459 ie
486 2418 522 2459 ne
549 2394 693 2459 vidissem
703 2397 716 2456 Ι
758 2394 945 2477 Respondet
968 2400 1073 2459 autern
1099 2395 1137 2457 ad
1161 2395 1249 2457 illam
1273 2416 1329 2476 pe·

209 2504 331 2567 niodum
356 2503 436 2567 haec
461 2502 637 2585 praesentis
662 2508 695 2567 t:
730 2501 858 2566 Utinam
874 2510 901 2565 ie
914 2501 1102 2586 priusquam
1118 2502 1237 2564 sileam
1259 2523 1329 2584 per·

206 2612 297 2688 rsus,
324 2611 378 2673 ubi
403 2611 466 2673 iam
491 2610 589 2673 verbo
609 2607 798 2694 priusquam
821 2611 980 2673 coniunct.
1006 2609 1121 2672 ascribi
1146 2610 1262 2691 potest.

314 2723 382 2789 ind.
401 2726 491 2790 nobis
506 2725 645 2788 occurrit
660 2726 693 2788 in
711 2724 865 2807 exempla,
880 2725 962 2807 quod
980 2725 1083 2787 simile
1106 2746 1174 2787 esse
1187 2724 1328 2788 videtur:

207 2832 300 2914 Oapt.
321 2832 396 2897 537.
428 2831 558 2895 Utinam
594 2839 621 2895 te
651 2830 685 2894 di
707 2830 800 2915 prius
820 2832 985 2914 perderem
1009 2852 1114 2916 quem
1137 2827 1331 2915 peri<i>sii

529 2937 673 3023 epatria
697 2946 761 3001 iuri.

315 3050 346 3116 [s
370 3057 476 3117 autem
501 3054 611 3118 modus
637 3076 703 3117 rem
727 3076 800 3117 vere
825 3055 944 3117 factam
968 3053 1157 3135 simpliciter
1179 3053 1332 3116 describit

208 3162 239 3223 in
265 3164 387 3224 certum
412 3165 539 3243 tempus
563 3161 772 3243 praeteritum
796 3182 862 3222 rem
888 3159 1040 3243 delegans
1065 3166 1100 3223 ut
1122 3160 1156 3222 in

208 3266 290 3330 Rud.
315 3267 390 3331 497.
423 3266 550 3330 Utinam
574 3289 685 3351 quam
709 3266 745 3329 iu
769 3266 855 3331 aeriis
880 3289 926 3330 me
952 3267 995 3329 ad
1014 3275 1042 3329 ie
1065 3264 1329 3332 traduxisti--

421 3373 463 3437 Ia
488 3395 610 3437 earcere
632 3372 709 3437 illa
730 3373 835 3456 patius
858 3372 1028 3438 cubuissem
1052 3372 1125 3437 die.

620 3560 657 3625 B.
703 3565 915 3625 Indicativus.

318 3687 369 3749 l.·
395 3684 430 3749 In
461 3686 604 3751 relativis
628 3686 805 3761 sententiis,
830 3707 911 3769 quae
937 3707 986 3748 res
1010 3689 1113 3748 certas
1138 3685 1331 3768 exprimunt:

211 3811 304 3875 Poen.
322 3811 398 3875 391.
424 3808 538 3873 Omnia
553 3808 613 3873 iiia
629 3831 708 3895 quae
723 3808 845 3873 dicebas
861 3817 916 3873 tua
932 3831 994 3872 esse
1006 3831 1042 3873 ea
1054 3830 1240 3872 memorares
1251 3830 1331 3873 mea.

209 3917 307 3981 Merc.
323 3917 398 3982 823.
429 3915 557 3980 Utinam
582 3918 631 3980 ier
654 3924 729 3980 esset
752 3916 867 3996 eadem,
893 3937 971 4001 quae
993 3914 1125 3994 ureris,
1149 3915 1226 3979 aira.

315 4061 346 4125 2.
392 4058 458 4124 Ubi
482 4065 645 4122 certares
669 4081 820 4142 praesens
845 4063 1061 4141 comparatur:

208 4164 301 4230 Truc.
321 4166 396 4231 375.
428 4164 553 4229 Utinam
578 4200 620 4210 -
641 4164 715 4229 item
727 4164 884 4249 parsisses
900 4201 943 4208 —
966 4165 1004 4228 Ur
1020 4186 1104 4228 uurec
1122 4163 1257 4249 repereis
1275 4200 1330 4227 —.

298 4269 453 4360 [persissi
481 4309 514 4318 -
543 4274 684 4365 reparcis
707 4272 742 4347 P,
765 4273 951 4359 pepercisses
976 4308 1013 4317 -
1040 4274 1175 4365 repercr's
1198 4269 1246 4365 A]
