3076 5190
672 577 868 640 -130-

211 752 307 816 Persa
335 752 387 817 73.
422 752 459 817 St
482 751 517 815 e'd
540 753 607 834 fiat,
632 774 669 815 ue
692 751 746 815 isti
768 751 871 832 tanim
898 749 1097 839 <u>usquam
1121 761 1303 837 appareant,

423 858 486 938 Qui
508 859 559 923 tu'e
581 895 624 904 —
648 858 755 922 atieua
778 867 959 944 oppuquaut
982 861 1073 924 boue.

318 1001 351 1079 b)
394 1001 447 1064 ubi
473 1023 548 1065 vera
573 1023 623 1063 res
646 1021 799 1083 praesens
824 1001 869 1063 rei
893 1004 1039 1084 sumptae
1064 1001 1270 1066 coniunctivo
1293 1037 1325 1046 -·

209 1112 242 1170 et
276 1107 404 1190 quidem
436 1108 469 1170 in
492 1108 638 1171 omnibns
663 1129 711 1170 ex.
737 1106 893 1170 Plautinis
926 1108 1127 1172 coniunctivo
1153 1109 1326 1191 epodosis

209 1250 251 1258 -—
276 1214 455 1297 opponitur.
504 1214 592 1289 Quae
617 1214 699 1277 ratio
724 1214 831 1278 addito
854 1215 952 1278 verbo
975 1236 1058 1278 uutee
1081 1237 1180 1298 saepe
1205 1215 1327 1298 insuper

208 1320 397 1384 illustretur.

210 1427 267 1492 As.
293 1427 368 1491 603.
424 1426 475 1491 Ne
498 1426 555 1490 iste
577 1428 676 1493 terete
701 1427 739 1490 ot
763 1426 823 1491 ista
848 1449 910 1490 uoa
932 1468 964 1476 -
985 1427 1134 1508 custodat,
1156 1426 1186 1491 se'
1209 1426 1325 1505 tieessit,

426 1532 489 1614 Qui
513 1555 596 1597 uuae
618 1533 749 1615 festinat
774 1571 832 1596 —.

210 1640 308 1704 Mero.
335 1640 409 1706 178.
433 1639 532 1704 Perse
556 1641 697 1705 274—5.
723 1638 817 1704 Truo.
842 1641 907 1704 349
931 1646 1025 1717 (corr.
1050 1639 1166 1716 Canu).

210 1764 285 1828 Aul.
310 1765 385 1829 494.
426 1763 496 1846 Eoo
519 1763 624 1845 faxim
647 1762 736 1841 muti,
757 1766 858 1847 pretio
881 1762 937 1849 qui
958 1771 1109 1848 superant
1132 1785 1236 1849 equos,

423 1867 545 1951 Silelut
568 1868 693 1933 uiliores
718 1907 756 1915 -
782 1871 840 1950 (so.
864 1871 919 1935 hoe
942 1869 970 1933 si
992 1868 1040 1933 ita
1061 1870 1146 1952 fiat.)

209 1976 297 2042 Trin.
323 1977 397 2041 221.
425 1975 526 2040 Pauci
549 1975 613 2040 situ
634 1978 739 2059 {euim
763 1975 819 2061 qui
841 1979 942 2040 seiaut
965 1978 1067 2061 quod
1090 1975 1291 2042 nesciunt.

316 2168 357 2233 II.
406 2169 601 2235 Indioativus
643 2172 675 2234 in
711 2171 902 2235 infinitis
937 2171 1103 2234 sententiis
1138 2194 1203 2236 non
1240 2172 1328 2236 focile

209 2301 268 2343 usn
291 2277 464 2356 veuit‚nisi
487 2277 549 2340 huo
574 2279 687 2342 referri
711 2278 788 2341 lieet
810 2279 941 2343 verbum
967 2277 1091 2342 modale
1115 2279 1149 2341 in
1167 2300 1329 2363 eompara-

208 2385 274 2448 tivn
298 2384 516 2448 enuntiatione
539 2407 621 2467 quoe
647 2389 709 2448 est:

208 2507 254 2574 St.
278 2510 331 2572 43.
423 2507 468 2571 Et
491 2506 594 2572 stilti
617 2507 752 2592 improbi
778 2506 842 2571 siut
865 2516 957 2592 atque
979 2506 1072 2571 aliter

422 2611 563 2699 N0<oi>s
583 2613 708 2697 tuee'aut
731 2636 841 2699 quum
864 2622 1068 2700 aequomst,
1105 2621 1172 2677 tam
1195 2616 1248 2698 pol
1272 2619 1329 2678 ete.

206 2738 277 2820 (cfr
300 2739 381 2802 coni.
406 2739 585 2822 imperfecti
610 2739 643 2802 in
668 2739 784 2804 Baoeh.
809 2738 883 2802 488.
911 2737 992 2801 Plus
1014 2736 1151 2801 uiderem
1173 2760 1271 2824 quam
1289 2773 1329 2783 -·

208 2840 336 2931 aequom
358 2844 465 2926 foret),

88 3005 94 3014 .
207 2952 259 3018 vel
295 2952 379 3016 huno
414 2951 620 3015 indioativuni
656 2952 688 3014 in
724 2951 859 3015 relative
893 2951 1061 3025 sententia,
1087 2973 1169 3033 quae
1200 2954 1330 3016 verbum

206 3059 274 3122 olio
298 3059 454 3142 explieat:

207 3166 299 3248 Capt.
324 3165 397 3229 906.
424 3165 511 3228 Nom
546 3164 575 3228 se'
608 3163 696 3228 ote'o
731 3184 903 3243 memorem,
940 3186 1038 3249 quae
1060 3163 1245 3228 adveneris
1269 3165 1329 3228 uio·

527 3278 592 3334 tum
615 3273 856 3351 aoudueuut,
882 3279 1009 3353 morast,

207 3396 292 3460 omni
317 3396 518 3460 adversativa
534 3395 565 3460 vi
582 3397 754 3471 carentem,
773 3417 854 3478 quae
872 3397 984 3477 aperta
1000 3395 1118 3458 eratin
1134 3396 1329 3461 ooniunotivi

206 3502 351 3586 exemplo
385 3501 454 3566 Mil.
479 3502 531 3566 20.
563 3500 683 3565 Prueut
706 3499 773 3563 otia
800 3499 902 3563 (ticam
927 3536 960 3545 --
992 3522 1071 3587 quoe
1093 3508 1128 3564 tu
1152 3523 1326 3587 numquam

204 3607 326 3691 feeeris.
373 3606 507 3693 Aliquid
542 3609 685 3672 infinitae
721 3607 857 3671 notionis
888 3611 937 3670 est
960 3608 1057 3672 etiem
1081 3609 1115 3671 in
1138 3605 1228 3672 Trin.
1255 3610 1330 3686 221,

207 3715 257 3780 Ps.
282 3715 358 3794 427,
383 3715 482 3780 Persa
506 3715 559 3793 73,
584 3737 665 3799 quae
689 3736 737 3778 ex.
764 3736 861 3797 supra
884 3713 1022 3778 laudavi.

312 3819 471 3887 Absoluta
506 3822 572 3885 fere
601 3825 649 3885 est
672 3821 807 3885 relativa
830 3823 922 3898 sent,
947 3844 965 3883 a
989 3843 1052 3904 qua
1074 3821 1226 3905 periodus
1250 3822 1330 3886 inei-

205 3931 254 4014 pit
288 3929 320 3993 in
355 3928 453 3994 Mero.
479 3928 543 3993 838
567 3928 609 4006 (v.
636 3953 666 4011 p.
694 3928 780 4008 128),
806 3927 945 4010 itemque
978 3927 1162 4011 temporalis
1188 3934 1270 3993 sent.
1296 3929 1328 3992 in

206 4022 323 4101 Boeoh.
350 4038 414 4101 440
438 4035 481 4114 (v.
507 4035 655 4115 ibidem);
680 4056 873 4118 quamquam
898 4034 1019 4118 inspice
1041 4056 1122 4118 qnae
1146 4033 1186 4098 de
1204 4034 1330 4121 regenti

208 4140 236 4205 ΙΙ
260 4165 414 4227 personae
439 4142 639 4207 coniunctivo
662 4141 834 4205 universali
860 4140 925 4203 illio
949 4141 1025 4206 dixi.

708 4338 724 4345 μ
741 4337 873 4345 ———-—.
