3076 5190
704 567 902 632 -106-

351 765 380 808 a.
428 742 609 833 Praesentia
651 745 870 810 coniunctivus
905 751 965 826 337,
1000 751 1133 832 regenti
1174 753 1382 818 coniunctivo

246 851 439 933 praecedens
464 852 525 915 nisi
549 852 581 915 in
606 851 662 915 As.
688 853 752 917 776
777 857 810 916 et
833 853 929 919 Poen.
955 856 1008 919 20.

246 957 304 1024 Α3.
330 958 404 1023 775.
461 958 569 1043 Neque
592 994 634 1004 —-
656 966 781 1042 premet

459 1065 577 1145 Quom
601 1072 768 1150 surqct:
790 1087 885 1151 neque
911 1064 1042 1152 (pum)
1066 1067 1105 1132 iu
1122 1070 1379 1136 lectumiuseeu-

565 1173 620 1235 dut
640 1192 841 1256 proxumum,

458 1276 566 1362 Neque
601 1299 713 1362 quoru
747 1279 964 1345 descendat
996 1279 1079 1362 iude,
1116 1284 1170 1347 det
1207 1284 1376 1372 quoiquam

564 1404 704 1451 manum.

325 1490 399 1554 780.
458 1489 571 1568 Quom
594 1490 732 1575 733737,
757 1493 807 1556 ’te'
830 1513 869 1557 ue
891 1492 985 1559 377337.

290 1595 372 1680 [776
398 1596 476 1659 Cum
499 1605 610 1681 surput
632 1598 703 1678 BD,
739 1599 838 1679 Quom
860 1609 965 1684 surpet
987 1600 1024 1678 Il,
1048 1613 1224 1688 cousurpat
1247 1604 1336 1682 EJZ3

429 1701 560 1788 (quom)
586 1704 732 1785 Mueller,
760 1707 824 1771 780
847 1709 956 1789 iaceat,
980 1729 1060 1773 corr.
1084 1704 1187 1794 Eu]

246 1818 294 1882 De
318 1817 417 1882 Merc.
443 1819 584 1900 552-4,
620 1821 674 1885 377
709 1822 795 1887 modi
827 1823 1000 1904 variantur,
1025 1823 1111 1889 intra
1135 1827 1224 1910 apud
1249 1828 1369 1894 indica·

244 1925 325 1990 tivos
350 1925 529 2009 disputabo.

245 2032 455 2098 Benenate.
481 2033 722 2121 ubiquumque
757 2058 834 2101 usus
866 2037 952 2119 3737,
974 2044 1093 2122 pectore
1115 2049 1284 2124 euproncut
1305 2063 1365 2106 saco.

245 2138 297 2203 Ps.
322 2139 397 2204 307.
459 2141 529 2220 Det,
566 2143 615 2206 det
649 2163 760 2228 usque:
793 2145 939 2229 quaudo
972 2143 1022 2209 uit
1051 2143 1116 2218 377,
1141 2145 1243 2212 simul
1266 2169 1367 2223 amore

564 2247 695 2313 7337337.

246 2355 343 2420 Ρ333.
369 2356 421 2420 20.
457 2355 530 2419 Neu
553 2377 670 2419 sessum
693 2358 795 2435 ducat,
830 2358 913 2421 dum
941 2356 1054 2422 histrio
1080 2357 1113 2422 iu
1143 2381 1261 2425 scaeua
1292 2361 1366 2428 3737.

245 2462 338 2527 Truc.
357 2464 431 2528 232.
456 2462 551 2526 Dum
574 2462 713 2544 tabeat,
730 2465 806 2528 ctum
822 2472 923 2529 amet:
946 2463 1010 2529 ubi
1032 2464 1089 2530 uit
1109 2464 1256 2548 habeat,
1273 2466 1367 2533 alium

564 2577 726 2655 quaestum
749 2569 877 2655 coeptat.

246 2674 330 2760 [tum
353 2684 434 2740 umet
457 2676 543 2755 libri,
569 2698 648 2740 corr.
672 2679 795 2754 bamb„
819 2677 873 2742 ulu'
887 2677 978 2742 uileil
1000 2679 1088 2742 73737
1104 2677 1144 2758 Α,
1163 2682 1252 2764 quod
1269 2703 1366 2766 neque

246 2806 305 2868 per
337 2787 472 2847 metrum
497 2784 574 2847 licet
597 2784 736 2848 retinere
761 2807 862 2868 neque
886 2808 944 2868 per
967 2786 1124 2869 syntaxin.
1173 2787 1225 2852 Dc
1252 2788 1368 2853 indica·

244 2891 310 2957 tivo
333 2891 470 2975 proximi
494 2913 604 2955 versus
628 2890 683 2976 qul
706 2891 816 2955 habeut
839 2915 868 2956 v.
893 2915 925 2975 p.
951 2889 1109 2977 lla—3]

354 3053 384 3116 b.
430 3049 571 3115 Perfecti
595 3052 817 3117 coniunctivus
841 3056 899 3117 est.

245 3175 331 3240 Trin.
357 3175 433 3240 495.
457 3173 547 3258 [Aac]
572 3174 690 3239 lectrum
713 3175 790 3261 quin
815 3184 849 3240 tu
871 3175 928 3239 7773
951 3182 1048 3240 tecum
1072 3174 1204 3241 77777733
1225 3177 1334 3260 ferus:

464 3281 524 3347 Ulu'
546 3291 684 3347 mortuos
706 3281 761 3365 373,
784 3282 831 3347 dtu
854 3285 899 3347 373
922 3292 956 3346 ut
979 3304 1089 3347 uomeu
1113 3280 1242 3366 cluu1).

245 3387 282 3453 ln
306 3388 405 3454 Persa
430 3392 471 3455 70
496 3412 613 3474 anceps
638 3390 728 3454 verbi
752 3391 874 3474 species
898 3394 960 3455 est:
984 3388 1107 3475 euleu<
1125 3386 1154 3472 >.

351 3502 390 3569 In
425 3507 519 3570 rebus
554 3507 691 3590 sumptis
714 3506 766 3570 vel
789 3507 913 3570 iteratis
937 3505 998 3570 hae
1021 3506 1216 3589 temporales
1240 3510 1366 3572 senten·

246 3613 311 3676 tiae
346 3618 513 3677 versantur
546 3613 585 3677 ad
610 3612 842 3678 condicionales
866 3613 1040 3677 sententias
1064 3613 1366 3698 appropinquantes¹

244 3723 277 3784 37
311 3720 440 3804 quidem
475 3722 508 3783 in
537 3724 688 3804 quattuor
723 3719 877 3806 exemplis
913 3742 952 3784 ex
980 3742 1036 3784 sex
1059 3720 1200 3784 incertos
1223 3720 1366 3786 homines

244 3825 383 3890 hortatio
416 3831 551 3910 spectat,
587 3826 763 3891 cuiusmodi
798 3827 989 3891 indicativus
1024 3826 1129 3891 nullus
1154 3831 1272 3894 exstat.
1317 3825 1365 3909 (In

244 3931 337 3998 Truc.
364 3933 428 3997 232
464 3934 633 3998 lectionem
668 3933 735 3998 cod.
762 3932 788 3997 Α
815 3934 902 3997 tutet
925 3937 1061 3998 metrum
1084 3955 1147 3997 non
1170 3934 1319 4018 patitur).

352 4108 371 4176 ¹)
388 4111 480 4163 Pravc
498 4111 693 4163 Rodenbusch
713 4111 730 4165 l.
750 4111 768 4164 l.
789 4129 814 4178 p.
835 4111 869 4164 59
889 4128 985 4165 veram
1003 4111 1093 4164 futuri
1106 4111 1258 4165 notionem
1271 4113 1365 4165 inesse

243 4202 326 4266 putat
345 4199 412 4251 huic
431 4200 623 4263 coniunctiv0‚
649 4201 697 4264 qui
715 4201 843 4254 iussivus
863 4204 908 4251 est
925 4199 995 4265 (‹sei
1015 4215 1046 4251 cs
1065 4215 1136 4270 gana
1156 4199 1218 4265 das,
1238 4217 1298 4257 was
1316 4201 1365 4254 das

244 4288 326 4345 Wort
344 4288 459 4357 besagt›
481 4286 605 4356 Binder).

30 4718 53 4747 r·
87 4724 101 4735 ··
119 4718 165 4771 'qr

30 4726 141 4855 ss
232 4816 364 4856 1..
