3076 5190
675 589 870 664 -187-

206 774 328 859 Amph.
347 774 422 840 971.
447 773 473 838 I
484 795 559 838 sone
581 782 609 839 ct
631 784 827 861 quantum
847 784 980 861 potest
997 784 1116 861 parata
1131 776 1253 861 focltc]
1269 777 1334 843 aiat

553 880 668 946 omnio.
716 879 821 967 [poteo
844 878 966 967 B'DE]

208 987 327 1053 Bacch.
348 989 422 1054 348.
448 989 494 1053 Aa
532 1010 585 1073 eqo
622 988 696 1052 hinc
735 987 809 1074 (eo)
849 990 893 1053 od
934 989 1035 1068 illum,
1081 1000 1117 1055 ut
1154 990 1333 1057 conveniam

553 1103 744 1180 quantum
776 1104 917 1180 potest.

318 1228 374 1294 cfr
397 1229 594 1293 coniunctivi
611 1229 758 1312 exempla
782 1230 906 1314 regenti
931 1232 1109 1295 sententiaa
1133 1232 1332 1316 interposita,

209 1337 266 1402 uhi
302 1334 405 1401 adhuc
436 1337 521 1401 idam
545 1340 594 1400 111
617 1337 782 1420 utriusque
807 1339 984 1403 sententiae
1008 1340 1204 1404 subiectum:
1240 1339 1332 1424 Capi.

209 1443 275 1508 448
311 1451 346 1507 ut
378 1445 635 1529 quamprimum
653 1443 757 1527 posoio
780 1445 888 1508 redeas
910 1449 944 1509 11
965 1444 1051 1510 Men.
1077 1447 1141 1510 549
1172 1446 1211 1511 Ut
1234 1467 1333 1533 quaa·

209 1557 278 1614 tum
297 1551 419 1633 possint
441 1585 484 1595 —
507 1559 645 1615 veneant.

209 1673 282 1740 (111.
308 1674 383 1740 206.
423 1674 499 1741 Sine
522 1683 612 1758 amat,
636 1674 705 1740 aino
726 1677 828 1761 quod
851 1677 959 1740 ludet
981 1677 1016 1740 id
1037 1676 1149 1759 faciut.

211 1780 311 1846 Persa
328 1782 402 1846 372.
433 1782 547 1847 Verum
572 1781 601 1846 ei
624 1782 672 1847 rei
694 1804 820 1868 operam
842 1784 890 1862 do,
915 1804 954 1846 ue
976 1782 1037 1848 olii
1060 1783 1167 1848 dicant
1190 1783 1335 1870 quihus

532 1890 609 1954 licet.
658 1888 752 1973 [done
775 1889 813 1971 B,
836 1890 930 1954 donoc
953 1887 1039 1975 OD]

210 2011 351 2077 Facilius
386 2013 418 2077 in
454 2013 514 2077 hac
548 2017 628 2079 scut.
665 2014 857 2079 indicativus
900 2019 1055 2092 servatur,
1091 2016 1167 2099 quia
1200 2017 1333 2081 verbum

209 2118 272 2183 alii
295 2119 407 2184 definit
430 2119 474 2202 (v.
497 2118 591 2185 Truc.
617 2122 681 2186 233
705 2144 736 2205 p.
764 2120 917 2202 112-3).

318 2252 498 2319 Verborum
542 2276 619 2318 non
660 2254 879 2319 modalium
914 2255 941 2318 si
975 2256 1103 2339 quando
1141 2212 1331 2320 indicativus

210 2360 393 2441 adhibetur,
429 2362 559 2445 propria
590 2362 629 2425 de
665 2383 760 2425 causa
787 2361 819 2425 id
843 2361 963 2427 iactum
989 2366 1047 2426 eat.
1093 2359 1179 2427 Nam
1203 2362 1335 2427 definita

211 2489 281 2532 esse
305 2468 372 2532 dixi
396 2491 428 2552 p.
455 2468 516 2532 171
541 2468 642 2533 futuri
665 2469 818 2551 temporis
843 2469 1010 2534 enuntiata
1033 2468 1178 2546 relativa,

320 2623 402 2687 quac
438 2603 522 2666 inter
557 2601 741 2685 primariam
768 2604 799 2665 et
826 2606 992 2686 regentem
1016 2604 1208 2667 sententiam
1231 2604 1335 2687 posita

210 2712 287 2773 sunt
309 2709 343 2772 in

211 2832 287 2898 Aul.
314 2834 387 2897 210.
425 2831 543 2911 Quaeso
566 2835 669 2918 quod
692 2840 720 2896 te
749 2834 1032 2918 percontabor,
1056 2855 1094 2898 aa
1125 2834 1162 2897 id
1184 2841 1211 2898 ic
1229 2835 1336 2919 piqeat

572 2940 619 3003 olo
639 2938 684 3003 ui.

213 3044 306 3111 Cura.
323 3047 399 3112 432.
427 2961 639 3110 Tecumprord
651 3054 680 3110 et
702 3067 824 3131 quaeso,
849 3045 918 3132 qui
940 3047 998 3111 hoa
1021 3046 1150 3111 tabellas
1173 3048 1336 3130 adferet

430 3153 509 3232 dibi,
535 3161 570 3217 ut
593 3156 622 3217 ci
644 3154 735 3217 detur
758 3174 853 3238 quam
878 3155 946 3217 istic
968 3153 1029 3217 cmi
1050 3155 1212 3238 circinum.

321 3275 372 3355 (In
388 3276 506 3342 Bacch.
520 3278 584 3342 329
602 3281 708 3342 autem
729 3277 893 3363 obliquum
911 3279 1146 3344 coniunctivum
1163 3276 1336 3364 cdfcr<o>t

214 3384 384 3468 legendum
409 3407 478 3449 esso
501 3406 533 3468 p.
558 3383 689 3449 84-85
714 3383 835 3465 docui);

320 3540 403 3602 quac
426 3522 592 3602 regentem
617 3517 808 3581 sententiam
832 3521 1008 3602 sequuntur
1031 3518 1064 3581 in

214 3640 298 3706 Rud.
323 3642 396 3707 634.
426 3643 527 3727 (teque
549 3662 604 3705 cro
629 3641 684 3719 —)
734 3648 796 3705 tte
819 3664 858 3708 ce
879 3643 984 3726 piqeat
1011 3643 1088 3706 dore
1103 3664 1228 3727 operam
1258 3643 1337 3706 mihi

534 3749 637 3833 quod
659 3756 694 3811 te
716 3748 851 3828 orabo,
875 3769 975 3814 seam.

215 3854 481 3920 Mosc.1095.Ne
514 3857 595 3918 euim
627 3855 678 3918 illi
710 3854 771 3918 huc
805 3854 970 3939 coafuqere
1008 3856 1128 3939 possint
1162 3857 1336 3938 quaestioni

534 3982 631 4048 quos
660 3961 782 4025 dacia

216 4085 293 4152 Post
327 4088 392 4150 nisi
422 4087 504 4172 quod
526 4086 733 4150 indicativum
757 4106 949 4169 quamquam
973 4086 1006 4149 in
1030 4085 1154 4150 infinita
1177 4086 1337 4150 sententia

215 4193 300 4257 intra
334 4197 500 4277 regentem
535 4194 727 4256 sententiam
764 4191 919 4257 collocata
953 4215 1009 4256 suo
1044 4192 1112 4256 loco
1147 4213 1215 4256 esse
1239 4213 1337 4276 supra

215 4299 259 4384 (p.
287 4299 364 4381 180)
388 4300 632 4365 commemoravi
656 4300 689 4364 111
