3076 5190
673 576 872 641 -131-

211 754 239 833 β.
288 750 515 836 Imperfecti
539 761 594 817 aut
618 755 785 837 plusqpf.
808 756 889 817 coni,
907 762 956 818 est
971 757 1004 820 iu
1022 762 1145 842 regenti
1163 763 1330 826 sententia.

608 914 648 977 A.
696 918 940 979 coniunctim.

319 1055 362 1136 βΙ.
411 1053 499 1120 Idem
524 1057 743 1121 coniunctivus
767 1057 799 1120 in
825 1063 958 1141 utroque
982 1062 1141 1124 sententis
1164 1066 1223 1126 cst.

209 1178 298 1244 Tria.
327 1180 399 1259 178,
424 1180 517 1246 Curc.
543 1182 617 1255 700,
643 1181 758 1244 Bacch.
784 1184 848 1245 554
872 1183 921 1248 cfr
944 1185 1019 1248 500.

209 1285 291 1351 Rud.
323 1288 414 1351 1261.
446 1288 531 1351 Dum
551 1289 703 1371 proculum
728 1289 838 1351 luttere
860 1312 891 1352 se
914 1300 1045 1354 censeret
1068 1291 1196 1356 iutm'm

356 1398 359 1403 ’
446 1395 574 1458 Praedo
596 1394 686 1478 ipsus
709 1404 792 1459 esset.

211 1499 327 1563 Bacch.
346 1501 421 1565 486.
446 1500 475 1564 si
497 1499 637 1584 upperim
660 1502 764 1563 ‘uellem
785 1500 949 1585 [paulisper
973 1506 1071 1586 modo,

355 1608 420 1671 -8.
447 1607 528 1670 Plus
553 1606 686 1671 meterem
710 1630 816 1692 pretim
841 1609 995 1685 deceret,
1012 1632 1105 1694 peream
1127 1650 1162 1656 ---
1181 1635 1330 1697 ueqecom

550 1714 658 1796 foret.
706 1712 865 1798 [stetissem
890 1714 930 1791 P;
955 1717 1056 1780 liceret
1082 1717 1137 1801 A}

209 1838 407 1921 Quamquam
443 1840 540 1902 etiam
577 1840 615 1902 de
639 1839 866 1903 assimilatione
891 1864 930 1904 ex
954 1842 1126 1907 indicativo
1150 1843 1240 1909 verbi
1264 1867 1330 1908 mo·

210 1945 289 2007 dialis
325 1945 376 2008 hic
400 1946 542 2029 cogitare
567 1946 642 2009 licet
666 1951 850 2029 comparato
875 1946 922 2011 St.
952 1949 1093 2012 43-44.
1118 1948 1147 2013 si
1176 1987 1211 1994 ·—
1237 1948 1330 2014 aliter

215 2086 250 2097 -
275 2050 399 2132 fuu‘uut
422 2074 516 2136 quom
541 2060 707 2137 ceperumst.

317 2226 378 2309 βΙΙ.
426 2230 477 2293 Ad
513 2231 660 2293 irrealem
691 2231 926 2295 coniunctivuur
952 2233 1131 2315 imperfecti
1156 2233 1330 2297 attrahitur

315 2372 494 2454 imperfecti
520 2372 740 2436 coniunctivus
765 2373 796 2435 in

207 2495 276 2558 Mil.
303 2497 377 2560 7:33.
421 2495 457 2559 Si
480 2496 536 2559 huc
554 2495 754 2579 peremissent
779 2534 808 2541 —

311 2605 379 2665 --5.
424 2602 500 2682 Qui
520 2602 658 2666 leomiues
675 2603 768 2687 prolu'
788 2612 933 2681 esseut,
956 2612 1030 2667 esset
1043 2603 1071 2667 is
1083 2627 1210 2668 (terremus
1225 2604 1327 2669 uilior.

422 2737 463 2761 =
477 2708 532 2794 pei
552 2708 643 2792 probi
666 2718 761 2790 suut;

314 2843 621 2925 plusquamperfecti
645 2843 725 2907 coni.
752 2844 782 2906 in

207 2965 325 3029 Bacch.
344 2968 418 3030 563.
445 2967 552 3045 Quid?
584 2967 639 3031 titi
672 2990 733 3030 uou
757 2976 824 3031 erut
847 2970 1041 3030 meretricum
1066 2966 1207 3030 <uterum
1232 2967 1329 3031 Aue-

549 3073 601 3137 uls
624 3072 723 3157 coptu,

446 3179 635 3260 Quibuscum
670 3180 794 3243 lecteres
831 3201 904 3259 reru,
930 3179 994 3243 uisi
1028 3202 1098 3243 ceum
1132 3179 1329 3265 illaquam

549 3309 601 3372 epo
638 3288 883 3350 ereecudossem
919 3286 976 3350 u'u'

420 3392 581 3476 occiperes
606 3390 710 3477 (reru)
737 3401 800 3456 tute
822 3394 932 3456 lactere
958 3394 1024 3456 -12

314 3523 395 3608 [565
434 3523 538 3610 (rem)
571 3528 639 3608 ipse
667 3527 773 3590 addidi
799 3529 831 3589 et
853 3527 963 3589 laudere
985 3527 1134 3589 substitui
1159 3549 1217 3609 pro
1240 3527 1328 3590 codi-

205 3654 277 3695 cum
301 3654 417 3709 uumre,
442 3634 526 3716 quod
549 3635 681 3697 verbum
706 3633 865 3710 librarius,
890 3633 993 3709 credo,
1018 3632 1155 3715 scripsit,
1173 3632 1238 3716 qui,
1255 3653 1328 3695 cum

206 3739 377 3803 excidisset
400 3762 475 3818 reru,
498 3740 607 3802 tacebere
630 3761 691 3803 non
715 3739 820 3822 potuit
845 3737 1078 3822 interpretari]

313 3845 543 3910 Gravissimum
580 3845 638 3909 hoc
674 3848 722 3908 est
757 3845 993 3909 assimilationis
1027 3845 1220 3928 exemplum,
1252 3844 1328 3927 quia

206 3952 401 4015 assimilatur
424 3953 559 4016 relativa
582 3952 752 4030 sententis,
778 3975 859 4036 quae
883 3955 1003 4015 certam
1028 3974 1094 4015 rem
1120 3950 1326 4035 praeteritam

206 4059 367 4141 exprimit,
402 4081 473 4122 cum
511 4059 598 4123 nulla
631 4059 814 4140 ceteroquin
849 4059 972 4142 percipi
1007 4058 1108 4141 possit
1135 4056 1327 4121 coniunctivi

205 4167 446 4230 commendatio.
494 4165 590 4248 Apud
626 4165 772 4229 irrealem
809 4165 909 4247 igitur
945 4165 1178 4229 coniunctivum
1208 4164 1327 4246 imper-

205 4271 282 4336 fecti
307 4272 479 4354 plurimum
503 4273 589 4337 velet
613 4272 774 4336 modorum
800 4271 999 4338 assimilatio.
