3076 5190
676 527 849 592 ..33-

210 701 417 767 indicativum
453 703 584 788 insuper
617 706 752 788 praebet
778 705 845 770 cod.
871 704 911 770 A:
934 705 1033 787 fuere,
1057 727 1152 789 quam
1177 707 1335 786 formam,

211 807 427 875 aRitschelio
450 814 620 895 receptam,
646 815 758 876 contra
781 813 938 876 rationem
961 834 1030 876 esse
1054 811 1210 897 Ussingio
1237 836 1334 898 pror·

210 937 263 981 sus
296 937 358 980 non
393 918 557 983 assentior.
604 915 666 983 Sed
697 918 772 983 licet
806 941 900 985 verus
928 919 970 982 sit
993 920 1215 984 coniunctivus
1240 925 1334 985 cete-

211 1045 317 1088 rorum
352 1024 508 1090 codicum:
540 1026 656 1108 forent,
692 1026 730 1090 de
754 1025 883 1110 obliquo
907 1027 1107 1091 coniunctivo
1130 1027 1158 1091 is
1181 1027 1230 1091 nil
1255 1050 1333 1111 pro·

212 1131 273 1196 bat.
319 1128 446 1215 Optime
471 1134 554 1196 enim
578 1131 676 1197 latine
700 1132 816 1197 dicitur
839 1133 935 1196 etiam
960 1133 1024 1198 sic:
1049 1131 1117 1197 Itic
1140 1132 1207 1198 tria
1224 1133 1334 1216 fuisse

209 1236 304 1302 audio
325 1238 376 1303 vel
398 1236 462 1303 seio
483 1238 564 1321 fate,
588 1261 666 1325 peee
689 1237 741 1303 itti
763 1239 866 1322 forent
889 1238 994 1305 esitio.

314 1359 351 1427 In
373 1363 542 1447 temporali
565 1364 724 1428 sententia

209 1468 302 1537 Most.
327 1470 379 1535 87.
419 1492 485 1534 eam
509 1492 573 1535 rem
596 1469 733 1535 eblutaei
755 1478 783 1535 et
805 1469 863 1534 diu
886 1469 1046 1555 disputavi

419 1576 587 1642 Hominem
609 1576 700 1642 euius
724 1577 780 1656 rei,
805 1578 962 1663 quando
989 1586 1110 1643 natus
1133 1577 1278 1664 es<se>t‚

419 1683 562 1750 Similem
584 1706 646 1749 ease
669 1684 853 1764 arbitrarer,

208 1791 441 1857 coniunctivum
465 1793 593 1877 quidem
617 1815 679 1856 non
704 1793 814 1857 dubito
837 1793 914 1876 quin
937 1796 1024 1856 recte
1048 1793 1225 1857 restituerit
1245 1793 1327 1874 Leo,

208 1901 308 1963 metro
342 1898 516 1964 consulens.
563 1898 609 1963 At
642 1899 695 1963 hic
719 1899 798 1963 coni.
824 1921 885 1964 non
909 1921 928 1962 a
950 1899 1095 1983 perfecto
1118 1899 1224 1984 logico
1249 1922 1328 1984 pro·

207 2005 291 2070 xime
315 2007 442 2096 pendet,
466 2007 521 2071 sed
545 2007 585 2070 ad
608 2006 832 2091 imperfectum
855 2005 1030 2070 arbitrarer
1053 2029 1086 2070 se
1107 2006 1260 2091 applicat.

614 2274 652 2340 Β.
698 2278 910 2339 Indicativus.

313 2395 508 2464 Indicativus
542 2400 628 2463 intra
661 2398 822 2484 obliquam
846 2402 1032 2476 orationem,
1061 2423 1142 2484 quae
1166 2423 1186 2464 a
1209 2397 1224 2463 I
1249 2424 1326 2484 per·

206 2528 301 2571 sonae
336 2508 434 2572 verbo
464 2507 637 2590 praeterito
660 2507 788 2591 pendet,
813 2509 992 2583 usuvenit,
1017 2509 1166 2592 siquae
1190 2530 1234 2571 ex
1258 2530 1326 2574 suo

208 2618 374 2697 tempore
399 2613 505 2677 addit
528 2616 593 2678 aut
615 2614 901 2679 circumscribit
923 2616 955 2680 is
979 2615 1043 2699 qui
1067 2614 1247 2699 loquitur.

206 2727 281 2794 Aul.
307 2729 382 2795 769.
417 2750 469 2814 epo
492 2737 529 2811 te,
553 2728 678 2813 Euclio,

416 2833 467 2900 De
481 2835 548 2900 aliu
564 2858 598 2900 re
612 2835 770 2901 rescivisse
785 2836 900 2917 censui,
917 2837 1011 2923 quod
1033 2837 1081 2900 cd
1102 2858 1153 2901 me
1170 2835 1321 2902 attinet.

403 2942 560 3024 ,n'amlich
585 2943 655 3009 eine
679 2942 781 3008 Sachc
806 2945 856 3008 die
881 2945 941 3008 mir
965 2942 1117 3029 angeht'‘.
1150 2943 1219 3009 Mil.
1245 2944 1323 3009 550.

206 3049 268 3133 Ep.
294 3049 368 3117 173.
419 3052 464 3114 At
484 3051 536 3134 pot
559 3071 611 3135 epo
634 3058 661 3114 te
684 3049 804 3114 credidi

424 3156 567 3240 Umorem,
591 3179 698 3243 quem
721 3165 759 3222 te
783 3156 969 3241 extulisti,
990 3158 1111 3241 pudore
1134 3154 1269 3242 eesequi.

515 3265 619 3351 'quam
643 3272 664 3329 t.
688 3263 758 3330 eet'.
772 3295 813 3318 =
827 3262 1014 3329 ’mortuam'.
1061 3264 1159 3329 Persa
1179 3264 1324 3330 722-3.

312 3379 467 3445 Praesens
494 3380 679 3445 historicum
703 3382 809 3445 estin
832 3382 954 3445 duobus
979 3403 1028 3444 cx.

207 3485 298 3551 (turc.
319 3487 392 3552 362.
420 3487 542 3572 Ruperat
576 3507 624 3551 me
657 3485 738 3551 serui
771 3508 830 3573 quo
865 3508 950 3551 eum:
983 3485 1052 3550 dieo
1086 3508 1133 3550 me
1165 3484 1222 3559 ire,
1253 3506 1324 3570 quo

523 3592 627 3658 saturi
649 3594 778 3661 solent.

205 3698 280 3766 Non
314 3702 347 3765 id
382 3702 460 3766 dicit
493 3700 641 3766 Curculio
674 3723 708 3766 se
741 3701 792 3766 his
815 3701 893 3785 ipsis
916 3700 1022 3765 verbis
1046 3722 1137 3764 usum
1161 3720 1239 3778 esse,
1263 3701 1322 3764 sed

207 3809 253 3871 ita
275 3809 339 3873 iam
363 3809 521 3874 narrando
545 3808 693 3894 designat
715 3831 786 3873 eum
810 3808 924 3884 locum,
941 3830 1035 3891 quem
1059 3810 1128 3871 tum
1144 3807 1250 3891 potuit
1267 3813 1326 3872 cut

206 3915 316 4000 digitis
350 3903 564 3980 demonstrare
595 3919 650 3980 aut
673 3915 736 3979 alia
759 3917 880 3980 ratione
904 3936 1103 3999 quacumque
1127 3913 1323 3998 significare.

205 4021 304 4090 Mero.
328 4022 380 4089 80.
416 4022 483 4108 Epo
505 4043 552 4086 me
575 4021 629 4086 ubi
650 4021 787 4087 incisum
810 4044 874 4086 meo
894 4020 983 4106 petri
1006 4043 1068 4085 esse
1090 4019 1229 4103 intettipe

419 4132 520 4215 Atque
553 4129 623 4194 odio
660 4152 707 4194 me
741 4151 812 4208 esse,
848 4127 934 4215 quoi
969 4125 1139 4213 plaeere[t]
1173 4148 1324 4212 aequom

522 4236 611 4323 fuit.
658 4235 737 4323 [esse
759 4235 850 4318 (esset
872 4235 913 4324 B)
936 4258 991 4316 me,
1016 4236 1088 4300 trai.
1113 4231 1200 4320 Pyr]
