3076 5190
685 580 856 644 ..91-

211 760 448 824 coniunctivum
485 760 617 822 uiderim
652 780 715 821 non
751 759 861 821 deberi
896 759 993 822 verbo
1027 761 1082 839 cis,
1111 759 1194 842 quod
1226 764 1332 823 utrum

211 867 296 930 adsit
330 888 429 930 necne
461 867 493 929 in
517 865 567 929 hie
591 865 745 948 exemplis
769 866 809 929 ed
834 866 941 930 modos
964 865 1044 930 nihil
1067 867 1221 930 interesse
1244 866 1333 930 vide·
1403 923 1407 932 .

211 979 273 1037 tur.
323 973 466 1039 Perbene
490 973 574 1036 enim
600 972 663 1036 dici
686 972 793 1055 potuit
815 972 932 1037 omisso
954 972 1009 1036 illo
1032 974 1145 1038 verbo:

409 1106 494 1187 Quid
516 1105 572 1170 tibi
595 1127 647 1189 eqo
670 1106 774 1171 dicam
796 1107 861 1170 uisi
883 1106 967 1190 quod
989 1106 1142 1170 uiderim?

211 1240 260 1305 De
283 1262 347 1324 quo
370 1239 570 1305 coniunctivo
597 1240 691 1303 infre.

318 1346 457 1432 Oblique
479 1347 528 1411 vis
563 1347 631 1410 sine
656 1346 752 1411 dubio
776 1346 861 1410 inest
883 1347 1084 1412 coniunctim
1107 1348 1332 1413 condicionalis

209 1455 389 1519 sententies

211 1579 263 1645 Ps.
289 1581 341 1646 92.
422 1579 476 1644 Aa
501 1588 535 1644 ia
559 1588 586 1643 te
609 1600 645 1642 ea
668 1600 780 1643 caussa
802 1582 849 1642 cis
872 1580 970 1643 scieas
992 1581 1178 1665 suspendere

430 1687 469 1752 Ut
491 1708 539 1751 me
561 1687 740 1769 defraudes,
766 1687 973 1751 drachumam
995 1690 1028 1752 si
1051 1687 1216 1752 dederim
1240 1690 1335 1753 rici?

487 1792 678 1877 [drachuma
702 1791 780 1873 OD',
804 1794 988 1858 drachmam
1011 1792 1059 1878 A]

210 1949 402 2012 quamquam
440 1929 471 1991 in
509 1927 662 1991 eiusmodi
698 1928 856 2004 iunctura,
892 1928 924 1992 in
961 1949 1024 2011 qua
1047 1927 1146 1993 eiiam
1169 1930 1331 1994 modorum

211 2034 471 2099 assimilationem
497 2034 567 2098 fieri
592 2035 798 2118 reperiemus,
821 2034 897 2099 item
922 2035 1013 2098 utin

210 2168 303 2253 Capi.
326 2169 400 2235 353.
425 2168 591 2254 Numquae
621 2176 747 2233 causasi
781 2169 867 2254 quia,
902 2171 931 2233 si
965 2169 1018 2232 ilie
1049 2170 1331 2250 incucurrerunt,

319 2352 327 2372 .
529 2277 641 2360 uiqiuii
663 2276 767 2340 minas

423 2382 511 2447 Miri
533 2382 585 2447 des
603 2404 665 2467 pro
688 2381 766 2446 iila?

583 2515 625 2543 =
639 2510 713 2552 uum
738 2509 863 2553 recusas
886 2489 986 2574 quin?

209 2596 261 2661 vel
284 2598 317 2661 in
341 2596 477 2661 relative
499 2600 579 2661 sent.
604 2595 675 2661 (ias.
701 2596 775 2660 252.

621 2797 655 2855 B.
701 2794 916 2857 Indicetivus.

210 2932 246 2997 In
259 2934 341 3001 Rud.
357 2935 432 3000 379.
450 2934 535 3015 Quid
556 2934 699 3016 faceret?
713 2933 725 3015 ΙΙ
743 2932 784 2999 Si
806 2934 961 3013 ornabat,
980 2956 1073 3016 rocas
1096 2934 1173 3020 quid
1193 2938 1335 3018 jaceret?

209 3068 460 3134 condicionalem
495 3068 687 3133 sententiam
723 3068 750 3131 is
785 3068 840 3151 qui
873 3067 1013 3152 loquitur
1036 3069 1104 3152 ipse
1129 3070 1217 3133 addit
1240 3073 1331 3134 exire

208 3176 491 3262 interrogationem
516 3175 660 3240 relatam.

314 3280 390 3347 Non
413 3283 529 3347 mirum
554 3285 604 3346 est
626 3281 833 3346 indicativum
859 3285 979 3346 restare
1003 3281 1037 3345 in

208 3415 565 3502 {inamoenum
587 3417 710 3480 uidetur
733 3414 789 3480 tibi
813 3422 848 3479 ui
870 3436 923 3501 eqo
945 3416 1082 3479 alienum
1107 3417 1211 3502 quod
1232 3424 1288 3481 est

421 3523 524 3588 Meum
550 3543 612 3587 esse
635 3522 763 3586 dicam?

313 3645 399 3712 Nam
423 3668 551 3733 aequora
575 3647 696 3711 eidetar
719 3645 798 3710 eici?
818 3646 900 3710 nihil
925 3645 1011 3711 aliud
1035 3650 1084 3710 est
1106 3668 1201 3730 quem
1222 3646 1330 3728 (mihi)

207 3777 269 3820 aare
304 3776 432 3842 aequom
466 3753 589 3819 videtur
623 3758 659 3818 ut
692 3754 724 3818 in
760 3753 833 3818 Aul.
862 3755 1001 3818 162-4.
1033 3754 1110 3838 quid
1131 3753 1329 3818 dubitas?=

208 3885 269 3927 nou
292 3863 422 3927 dubium
445 3869 498 3943 est,
525 3862 558 3926 in
582 3861 650 3926 Mil.
667 3861 762 3926 1184.
787 3859 862 3946 quia
887 3860 1041 3924 dicis?=
1054 3861 1113 3925 die.
1154 3860 1330 3926 Perenihe·

207 3971 250 4034 sis
285 3970 356 4034 loco
393 3991 462 4034 esse
496 3971 628 4034 verbum
664 3970 709 4032 eis
736 3969 769 4033 in
802 3968 863 4052 Ep.
890 3969 931 4032 19
955 3989 1052 4051 supra
1075 3969 1329 4034 commemoravi.

208 4075 335 4141 Incerta
370 4081 420 4142 esi
441 4077 531 4142 verbi
555 4077 678 4160 species
701 4077 733 4139 in
758 4075 809 4141 Pe.
837 4076 910 4155 533,
935 4075 990 4139 sed
1015 4075 1220 4140 indicativum
1245 4098 1330 4140 com·

207 4184 338 4249 mendst
360 4205 470 4249 versus
494 4183 592 4248 Mero.
618 4183 683 4246 654
706 4206 737 4266 p.
763 4184 804 4248 57
830 4186 1030 4266 comparatus
1048 4185 1080 4245 et
1095 4181 1170 4249 Aul.
1190 4184 1328 4248 162-4.
