3076 5190
667 549 849 614 -168-

312 725 353 794 11.
401 751 487 793 raro
522 727 555 792 in
591 726 778 804 infinitis,
810 747 892 811 quae
936 726 1111 793 eiusdem
1153 733 1330 816 temporie

205 839 279 900 sunt
313 840 410 919 atque
445 835 665 899 coniunctivus
700 854 826 918 regens,
851 834 1043 917 praesertim
1067 856 1147 901 raro
1172 838 1200 902 si
1226 841 1265 904 ad
1287 840 1331 905 fu·

205 946 311 1007 turum
335 945 462 1026 tempus
486 945 621 1025 utruque
645 944 726 1004 sent.
751 939 900 1024 pertinet.

335 1207 401 1290 Ia).
449 1207 689 1273 Indicetivus
721 1208 759 1272 in
792 1207 973 1273 definitis
1005 1212 1237 1278 sententiis.
1331 1284 1335 1293 .

314 1335 343 1399 1.
390 1332 610 1398 Relativas
645 1332 820 1397 sententiaa
855 1353 938 1417 quae
972 1333 1069 1399 huius
1106 1338 1245 1421 generis
1267 1343 1359 1405 sunt.

205 1441 251 1505 nil
275 1441 391 1505 attinet
413 1462 522 1504 omnes
546 1461 743 1504 enumerare.

311 1556 434 1621 Paucas
458 1577 508 1621 ex.
533 1577 582 1641 gr.
607 1556 750 1620 afferam.

311 1697 339 1736 a.
386 1671 569 1736 Praesentis
593 1672 794 1736 indicativus.

311 1777 511 1845 Oorrelntum
535 1779 710 1862 ascriptum
734 1782 792 1842 est.

312 1885 383 1951 cas.
420 1885 492 1950 106.
529 1883 559 1954 ui
592 1884 807 1969 impetravero,
849 1885 983 1950 Uxorem
1015 1895 1051 1950 ut
1086 1889 1189 1954 mtam
1223 1891 1334 1955 dacum

205 2014 302 2075 qaam
336 2000 371 2056 tu
405 1991 534 2076 deperit,
582 1991 651 2056 Mil.
679 1992 773 2082 1229.
807 1976 962 2074 (orosUt
984 1991 1052 2057 eim
1075 1993 1160 2058 miti
1183 1998 1226 2061 sit
1249 1999 1334 2082 eopia

203 2121 292 2185 quem
324 2120 395 2163 ama
420 2136 470 2160 -.
496 2098 553 2164 Otr
587 2099 668 2164 coni.
695 2098 780 2163 1230
816 2121 847 2183 p.
886 2099 960 2164 154.
1013 2098 1083 2164 Mil.
1108 2101 1190 2166 945.
1231 2104 1272 2168 Ut
1295 2139 1332 2149 —

205 2207 260 2270 hoe
283 2207 365 2292 qaod
387 2206 571 2290 apeadamst
593 2226 809 2290 exsequamur.
834 2202 1008 2291 [apemdam
1030 2205 1086 2291 Β].
1136 2206 1233 2294 capt.
1259 2211 1331 2276 829.

206 2321 240 2377 ut
274 2334 310 2377 ea
344 2333 424 2398 qaae
455 2315 553 2376 seatio
586 2313 709 2396 pariter
742 2310 834 2376 seiae.
871 2348 913 2358 -
948 2311 1017 2378 Mil.
1044 2314 1143 2378 1050.
1170 2317 1268 2399 (vala)
1302 2323 1333 2380 at

204 2441 283 2506 qaae
317 2428 345 2482 te
377 2421 462 2503 capit
498 2441 565 2483 eam
592 2440 630 2482 ae
652 2440 792 2502 spamae.
817 2416 894 2505 [qui
916 2417 1027 2504 Bon}
1077 2421 1133 2486 As.
1161 2423 1241 2487 256.
1265 2445 1333 2488 eave

205 2534 239 2589 ta
273 2525 355 2589 idem
388 2523 478 2607 faxis
512 2527 571 2589 alii
605 2526 687 2611 qaod
714 2524 797 2590 aemi
818 2527 926 2591 soleat.
952 2561 993 2572 -
1017 2525 1070 2593 Pe.
1095 2528 1175 2594 450.
1200 2549 1331 2616 exquae-

205 2655 283 2712 rere,
311 2631 384 2696 Sim
416 2633 474 2696 illa
497 2653 591 2696 aecae
613 2630 679 2696 siat
701 2654 780 2717 qaae
807 2632 864 2697 tibi
878 2635 1081 2711 *renuntiant
1127 2632 1262 2721 [nepaes
1283 2635 1331 2700 im'

205 2738 241 2815 P,
266 2760 339 2803 vera
360 2761 454 2804 aecae
477 2738 524 2823 A]

312 2863 419 2928 Etiam
444 2864 499 2928 ubi
522 2865 555 2928 in
580 2886 664 2929 nexu
687 2864 918 2929 sententiarum
941 2865 1050 2949 aliqua
1073 2870 1123 2931 est
1143 2868 1331 2932 concessiva

206 2975 262 3036 aut
285 2971 422 3035 causalis
446 2972 503 3051 vis,
528 2971 720 3036 indicativus
743 2972 862 3055 passim
886 2975 1049 3038 servatur:

205 3075 252 3143 St.
278 3078 351 3142 674.
420 3076 540 3142 Mirum
564 3076 665 3142 videri
688 3077 807 3143 memini
832 3115 871 3124 -
896 3081 963 3143 eolo
989 3115 1029 3124 -

421 3183 505 3262 Quia
528 3206 581 3268 epo
604 3185 684 3261 tiae,
710 3205 810 3269 qaae
834 3186 900 3249 illie
922 3185 1072 3266 tabita,
1098 3206 1218 3252 meam.

206 3290 299 3354 Most.
318 3290 393 3357 598.
417 3294 490 3375 quai
518 3331 551 3340 -
579 3292 648 3355 lieet
672 3289 818 3374 [1111600
843 3291 935 3369 aff).
961 3314 1042 3357 eurr.
1067 3290 1188 3378 Stud.].

205 3396 287 3462 Rud.
313 3397 389 3462 278.
417 3397 648 3481 (amplectimur
680 3419 783 3480 peaaa
810 3406 844 3462 ut
867 3397 1002 3483 recipias
1024 3403 1095 3480 aas)
1131 3399 1255 3480 Quibus
1277 3423 1328 3465 aea

527 3505 611 3568 loeas
636 3501 787 3590 <a>allas
810 3526 864 3570 aee
887 3527 955 3590 epea
974 3513 1133 3590 paratust.

206 3609 291 3675 Men.
316 3611 391 3674 302.
420 3610 495 3674 Non
519 3613 579 3675 aeis
602 3609 674 3696 qais
697 3632 749 3696 epo
771 3610 843 3694 eim,
868 3615 923 3697 qai
947 3612 1003 3676 tibi
1026 3615 1220 3697 saepissume
1284 3687 1288 3691 ,

421 3716 585 3801 Gpattisso
609 3719 696 3802 apud
717 3719 799 3782 etos?

313 3838 476 3905 Vueillaut
499 3842 623 3907 codices
646 3843 680 3907 in

205 3947 291 4012 Men.
319 3947 395 4012 299.
421 3946 483 4013 Sed
506 3947 559 4011 aa·
584 3944 658 4032 (ta)
684 3970 732 4013 me
755 3948 893 4014 novisti?
907 3949 919 4032 ΙΙ
943 3949 1001 4014 Ubi
1023 3972 1077 4035 epo
1100 3960 1128 4015 te
1152 3952 1301 4029 nemrim,

421 4052 483 4132 Qui
505 4053 639 4118 amicam
663 4055 753 4119 habes
776 4077 862 4120 eram
885 4078 984 4121 meam
1007 4057 1088 4122 tame
1111 4057 1174 4124 Ε..9

579 4159 686 4244 [habes
710 4161 751 4243 A,
775 4161 887 4227 habeas
911 4161 953 4249 P]

204 4265 253 4329 afr
276 4264 348 4332 (lae.
372 4266 437 4331 618
460 4290 492 4351 p.
519 4269 592 4334 137.
