<?xml version="1.0" encoding="UTF-8"?>
<!DOCTYPE html PUBLIC "-//W3C//DTD XHTML 1.0 Transitional//EN"
    "http://www.w3.org/TR/xhtml1/DTD/xhtml1-transitional.dtd">
<html xmlns="http://www.w3.org/1999/xhtml" xml:lang="en" lang="en">
 <head>
  <title>
</title>
<meta http-equiv="Content-Type" content="text/html;charset=utf-8" />
  <meta name='ocr-system' content='tesseract 3.04.00' />
  <meta name='ocr-capabilities' content='ocr_page ocr_carea ocr_par ocr_line ocrx_word'/>
</head>
<body>
  <div class='ocr_page' id='page_1' title='image "./deconiunctivopl00thulgoog_0051.png"; bbox 0 0 3076 5190; ppageno 0'>
   <div class='ocr_carea' id='block_1_1' title="bbox 793 1353 865 1450">
    <p class='ocr_par' dir='ltr' id='par_1_1' title="bbox 793 1353 865 1450">
     <span class='ocr_line' id='line_1_1' title="bbox 793 1353 865 1450; baseline 0 -20"><span class='ocrx_word' id='word_1_1' title='bbox 793 1353 865 1450; x_wconf 65' lang='lat' dir='ltr'>§a</span> 
     </span>
    </p>
   </div>
   <div class='ocr_carea' id='block_1_2' title="bbox 271 1495 1393 1591">
    <p class='ocr_par' dir='ltr' id='par_1_2' title="bbox 271 1495 1393 1591">
     <span class='ocr_line' id='line_1_2' title="bbox 271 1495 1393 1591; baseline 0.002 -19"><span class='ocrx_word' id='word_1_2' title='bbox 271 1495 421 1573; x_wconf 78' lang='lat' dir='ltr'>Pn&#39;mae</span> <span class='ocrx_word' id='word_1_3' title='bbox 445 1522 637 1589; x_wconf 79' lang='lat' dir='ltr'>personae</span> <span class='ocrx_word' id='word_1_4' title='bbox 656 1507 821 1573; x_wconf 88' lang='lat' dir='ltr'>verbum</span> <span class='ocrx_word' id='word_1_5' title='bbox 837 1510 899 1574; x_wconf 88' lang='lat' dir='ltr'>est</span> <span class='ocrx_word' id='word_1_6' title='bbox 913 1508 953 1574; x_wconf 90' lang='lat' dir='ltr'>in</span> <span class='ocrx_word' id='word_1_7' title='bbox 969 1509 1155 1591; x_wconf 88' lang='lat' dir='ltr'>primario</span> <span class='ocrx_word' id='word_1_8' title='bbox 1171 1506 1393 1576; x_wconf 80' lang='lat' dir='ltr'>enuntiato,</span> 
     </span>
    </p>
   </div>
   <div class='ocr_carea' id='block_1_3' title="bbox 404 1667 1247 1751">
    <p class='ocr_par' dir='ltr' id='par_1_3' title="bbox 404 1667 1247 1751">
     <span class='ocr_line' id='line_1_3' title="bbox 404 1667 1247 1751; baseline 0.006 -19"><span class='ocrx_word' id='word_1_9' title='bbox 404 1667 428 1732; x_wconf 92' lang='grc' dir='ltr'>Ι.</span> <span class='ocrx_word' id='word_1_10' title='bbox 477 1667 642 1733; x_wconf 74' lang='lat' dir='ltr'>Praeteriti</span> <span class='ocrx_word' id='word_1_11' title='bbox 666 1669 813 1748; x_wconf 82' lang='lat' dir='ltr'>temporis</span> <span class='ocrx_word' id='word_1_12' title='bbox 837 1673 884 1735; x_wconf 91' lang='lat' dir='ltr'>est</span> <span class='ocrx_word' id='word_1_13' title='bbox 906 1671 1031 1734; x_wconf 85' lang='lat' dir='ltr'>verbum</span> <span class='ocrx_word' id='word_1_14' title='bbox 1055 1671 1247 1751; x_wconf 83' lang='lat' dir='ltr'>primarium.</span> 
     </span>
    </p>
   </div>
   <div class='ocr_carea' id='block_1_4' title="bbox 576 1828 1079 1910">
    <p class='ocr_par' dir='ltr' id='par_1_4' title="bbox 576 1828 1079 1910">
     <span class='ocr_line' id='line_1_4' title="bbox 576 1828 1079 1910; baseline 0.006 -17"><span class='ocrx_word' id='word_1_15' title='bbox 576 1828 616 1893; x_wconf 84' lang='lat' dir='ltr'>A.</span> <span class='ocrx_word' id='word_1_16' title='bbox 664 1832 898 1894; x_wconf 73' lang='lat' dir='ltr'>Coniunctivus</span> <span class='ocrx_word' id='word_1_17' title='bbox 921 1835 1079 1910; x_wconf 86' lang='lat' dir='ltr'>obliquus.</span> 
     </span>
    </p>
   </div>
   <div class='ocr_carea' id='block_1_5' title="bbox 270 1953 1392 3108">
    <p class='ocr_par' dir='ltr' id='par_1_5' title="bbox 270 1953 1392 3108">
     <span class='ocr_line' id='line_1_5' title="bbox 378 1953 1391 2041; baseline 0.003 -22"><span class='ocrx_word' id='word_1_18' title='bbox 378 1953 504 2019; x_wconf 80' lang='lat' dir='ltr'>Primae</span> <span class='ocrx_word' id='word_1_19' title='bbox 529 1975 681 2036; x_wconf 84' lang='lat' dir='ltr'>personae</span> <span class='ocrx_word' id='word_1_20' title='bbox 705 1954 810 2017; x_wconf 86' lang='lat' dir='ltr'>verbis</span> <span class='ocrx_word' id='word_1_21' title='bbox 834 1955 995 2037; x_wconf 86' lang='lat' dir='ltr'>primariis</span> <span class='ocrx_word' id='word_1_22' title='bbox 1018 1956 1169 2041; x_wconf 81' lang='lat' dir='ltr'>subiungi</span> <span class='ocrx_word' id='word_1_23' title='bbox 1196 1978 1288 2040; x_wconf 88' lang='lat' dir='ltr'>posse</span> <span class='ocrx_word' id='word_1_24' title='bbox 1314 1979 1391 2022; x_wconf 88' lang='lat' dir='ltr'>ora·</span> 
     </span>
     <span class='ocr_line' id='line_1_6' title="bbox 272 2061 1390 2149; baseline 0.003 -24"><span class='ocrx_word' id='word_1_25' title='bbox 272 2062 390 2127; x_wconf 90' lang='lat' dir='ltr'>tionem</span> <span class='ocrx_word' id='word_1_26' title='bbox 413 2061 574 2144; x_wconf 87' lang='lat' dir='ltr'>obliquam</span> <span class='ocrx_word' id='word_1_27' title='bbox 599 2061 626 2123; x_wconf 93' lang='lat' dir='ltr'>si</span> <span class='ocrx_word' id='word_1_28' title='bbox 649 2061 816 2144; x_wconf 88' lang='lat' dir='ltr'>praeteriti</span> <span class='ocrx_word' id='word_1_29' title='bbox 831 2062 983 2144; x_wconf 87' lang='lat' dir='ltr'>temporis</span> <span class='ocrx_word' id='word_1_30' title='bbox 999 2068 1114 2139; x_wconf 85' lang='lat' dir='ltr'>essent,</span> <span class='ocrx_word' id='word_1_31' title='bbox 1131 2063 1196 2127; x_wconf 90' lang='lat' dir='ltr'>iam</span> <span class='ocrx_word' id='word_1_32' title='bbox 1215 2063 1351 2149; x_wconf 84' lang='lat' dir='ltr'>Madvig</span> <span class='ocrx_word' id='word_1_33' title='bbox 1364 2061 1390 2146; x_wconf 90' lang='lat'>¹)</span> 
     </span>
     <span class='ocr_line' id='line_1_7' title="bbox 273 2167 1392 2254; baseline 0.003 -21"><span class='ocrx_word' id='word_1_34' title='bbox 273 2167 539 2244; x_wconf 80' lang='lat' dir='ltr'>commemoravit,</span> <span class='ocrx_word' id='word_1_35' title='bbox 575 2171 742 2252; x_wconf 73' lang='lat' dir='ltr'>postquam</span> <span class='ocrx_word' id='word_1_36' title='bbox 767 2167 784 2250; x_wconf 56' lang='grc' dir='ltr'>ᾖ</span> <span class='ocrx_word' id='word_1_37' title='bbox 810 2167 873 2232; x_wconf 85' lang='grc'>368</span> <span class='ocrx_word' id='word_1_38' title='bbox 898 2169 1097 2234; x_wconf 82' lang='lat' dir='ltr'>coniunctivo</span> <span class='ocrx_word' id='word_1_39' title='bbox 1130 2170 1259 2254; x_wconf 90' lang='lat' dir='ltr'>obliquo</span> <span class='ocrx_word' id='word_1_40' title='bbox 1282 2171 1392 2235; x_wconf 83' lang='lat' dir='ltr'>alieno</span> 
     </span>
     <span class='ocr_line' id='line_1_8' title="bbox 272 2274 1391 2360; baseline 0.003 -21"><span class='ocrx_word' id='word_1_41' title='bbox 272 2275 386 2339; x_wconf 85' lang='lat' dir='ltr'>referri</span> <span class='ocrx_word' id='word_1_42' title='bbox 409 2277 507 2340; x_wconf 86' lang='lat' dir='ltr'>verba</span> <span class='ocrx_word' id='word_1_43' title='bbox 531 2278 563 2338; x_wconf 90' lang='lat' dir='ltr'>et</span> <span class='ocrx_word' id='word_1_44' title='bbox 586 2275 759 2338; x_wconf 89' lang='lat' dir='ltr'>sententias</span> <span class='ocrx_word' id='word_1_45' title='bbox 784 2275 901 2339; x_wconf 86' lang='lat' dir='ltr'>docuit.</span> <span class='ocrx_word' id='word_1_46' title='bbox 947 2276 1055 2360; x_wconf 88' lang='lat' dir='ltr'>Atque</span> <span class='ocrx_word' id='word_1_47' title='bbox 1079 2277 1111 2340; x_wconf 93' lang='lat' dir='ltr'>id</span> <span class='ocrx_word' id='word_1_48' title='bbox 1128 2277 1206 2342; x_wconf 89' lang='lat' dir='ltr'>iure.</span> <span class='ocrx_word' id='word_1_49' title='bbox 1252 2274 1338 2341; x_wconf 86' lang='lat' dir='ltr'>Nam</span> <span class='ocrx_word' id='word_1_50' title='bbox 1357 2282 1391 2342; x_wconf 91' lang='lat' dir='ltr'>et</span> 
     </span>
     <span class='ocr_line' id='line_1_9' title="bbox 272 2382 1390 2468; baseline 0.004 -22"><span class='ocrx_word' id='word_1_51' title='bbox 272 2382 433 2466; x_wconf 79' lang='lat' dir='ltr'>cogitandi</span> <span class='ocrx_word' id='word_1_52' title='bbox 467 2382 623 2446; x_wconf 89' lang='lat' dir='ltr'>rationem</span> <span class='ocrx_word' id='word_1_53' title='bbox 660 2384 795 2465; x_wconf 87' lang='lat' dir='ltr'>apparet</span> <span class='ocrx_word' id='word_1_54' title='bbox 829 2403 896 2446; x_wconf 89' lang='lat' dir='ltr'>esse</span> <span class='ocrx_word' id='word_1_55' title='bbox 932 2383 1075 2463; x_wconf 82' lang='lat' dir='ltr'>eandem,</span> <span class='ocrx_word' id='word_1_56' title='bbox 1108 2384 1174 2447; x_wconf 86' lang='lat' dir='ltr'>sive</span> <span class='ocrx_word' id='word_1_57' title='bbox 1199 2383 1280 2467; x_wconf 84' lang='lat' dir='ltr'>quis,</span> <span class='ocrx_word' id='word_1_58' title='bbox 1304 2406 1390 2468; x_wconf 89' lang='lat' dir='ltr'>quae</span> 
     </span>
     <span class='ocr_line' id='line_1_10' title="bbox 270 2487 1388 2574; baseline 0.003 -22"><span class='ocrx_word' id='word_1_59' title='bbox 270 2490 339 2573; x_wconf 88' lang='lat' dir='ltr'>ipse</span> <span class='ocrx_word' id='word_1_60' title='bbox 372 2487 437 2553; x_wconf 86' lang='lat' dir='ltr'>alio</span> <span class='ocrx_word' id='word_1_61' title='bbox 471 2492 615 2572; x_wconf 81' lang='lat' dir='ltr'>tempore</span> <span class='ocrx_word' id='word_1_62' title='bbox 651 2489 787 2552; x_wconf 79' lang='lat' dir='ltr'>senserit</span> <span class='ocrx_word' id='word_1_63' title='bbox 821 2493 876 2553; x_wconf 91' lang='lat' dir='ltr'>aut</span> <span class='ocrx_word' id='word_1_64' title='bbox 909 2489 1034 2568; x_wconf 86' lang='lat' dir='ltr'>dixerit,</span> <span class='ocrx_word' id='word_1_65' title='bbox 1068 2494 1187 2568; x_wconf 87' lang='lat' dir='ltr'>narrat,</span> <span class='ocrx_word' id='word_1_66' title='bbox 1212 2491 1278 2554; x_wconf 89' lang='lat' dir='ltr'>sive</span> <span class='ocrx_word' id='word_1_67' title='bbox 1302 2513 1388 2574; x_wconf 93' lang='lat' dir='ltr'>quae</span> 
     </span>
     <span class='ocr_line' id='line_1_11' title="bbox 272 2595 1389 2681; baseline 0.002 -21"><span class='ocrx_word' id='word_1_68' title='bbox 272 2596 352 2660; x_wconf 88' lang='lat' dir='ltr'>alius</span> <span class='ocrx_word' id='word_1_69' title='bbox 386 2595 536 2679; x_wconf 79' lang='lat' dir='ltr'>quilibet:</span> <span class='ocrx_word' id='word_1_70' title='bbox 574 2630 616 2642; x_wconf 96' lang='lat'>-</span> <span class='ocrx_word' id='word_1_71' title='bbox 651 2599 785 2680; x_wconf 90' lang='lat' dir='ltr'>utraque</span> <span class='ocrx_word' id='word_1_72' title='bbox 814 2595 898 2659; x_wconf 91' lang='lat' dir='ltr'>enim</span> <span class='ocrx_word' id='word_1_73' title='bbox 923 2619 1022 2681; x_wconf 91' lang='lat' dir='ltr'>aeque</span> <span class='ocrx_word' id='word_1_74' title='bbox 1047 2597 1172 2662; x_wconf 87' lang='lat' dir='ltr'>diversa</span> <span class='ocrx_word' id='word_1_75' title='bbox 1195 2618 1264 2661; x_wconf 88' lang='lat' dir='ltr'>esse</span> <span class='ocrx_word' id='word_1_76' title='bbox 1288 2600 1389 2662; x_wconf 89' lang='lat' dir='ltr'>senti-</span> 
     </span>
     <span class='ocr_line' id='line_1_12' title="bbox 271 2703 1389 2789; baseline 0.003 -22"><span class='ocrx_word' id='word_1_77' title='bbox 271 2706 368 2767; x_wconf 89' lang='lat' dir='ltr'>untur</span> <span class='ocrx_word' id='word_1_78' title='bbox 401 2704 442 2768; x_wconf 89' lang='lat' dir='ltr'>ab</span> <span class='ocrx_word' id='word_1_79' title='bbox 477 2703 533 2782; x_wconf 83' lang='lat' dir='ltr'>eis,</span> <span class='ocrx_word' id='word_1_80' title='bbox 568 2725 649 2787; x_wconf 86' lang='lat' dir='ltr'>quae</span> <span class='ocrx_word' id='word_1_81' title='bbox 682 2703 764 2788; x_wconf 86' lang='lat' dir='ltr'>quis,</span> <span class='ocrx_word' id='word_1_82' title='bbox 797 2706 833 2767; x_wconf 91' lang='lat' dir='ltr'>ut</span> <span class='ocrx_word' id='word_1_83' title='bbox 855 2707 961 2767; x_wconf 91' lang='lat' dir='ltr'>mente</span> <span class='ocrx_word' id='word_1_84' title='bbox 984 2704 1047 2767; x_wconf 87' lang='lat' dir='ltr'>iam</span> <span class='ocrx_word' id='word_1_85' title='bbox 1073 2708 1168 2788; x_wconf 87' lang='lat' dir='ltr'>atque</span> <span class='ocrx_word' id='word_1_86' title='bbox 1193 2704 1389 2789; x_wconf 82' lang='lat' dir='ltr'>cogitatione</span> 
     </span>
     <span class='ocr_line' id='line_1_13' title="bbox 271 2809 1391 2895; baseline 0.004 -23"><span class='ocrx_word' id='word_1_87' title='bbox 271 2809 432 2882; x_wconf 89' lang='lat' dir='ltr'>informat,</span> <span class='ocrx_word' id='word_1_88' title='bbox 467 2810 513 2874; x_wconf 91' lang='lat' dir='ltr'>ita</span> <span class='ocrx_word' id='word_1_89' title='bbox 547 2810 692 2893; x_wconf 87' lang='lat' dir='ltr'>protinus</span> <span class='ocrx_word' id='word_1_90' title='bbox 727 2810 887 2893; x_wconf 86' lang='lat' dir='ltr'>eloquitur</span> <span class='ocrx_word' id='word_1_91' title='bbox 928 2847 962 2855; x_wconf 82' lang='grc'>-</span> <span class='ocrx_word' id='word_1_92' title='bbox 993 2814 1024 2874; x_wconf 91' lang='lat' dir='ltr'>et</span> <span class='ocrx_word' id='word_1_93' title='bbox 1048 2811 1195 2895; x_wconf 85' lang='lat' dir='ltr'>exempla</span> <span class='ocrx_word' id='word_1_94' title='bbox 1217 2811 1391 2876; x_wconf 87' lang='lat' dir='ltr'>ostendent</span> 
     </span>
     <span class='ocr_line' id='line_1_14' title="bbox 270 2917 1387 3000; baseline 0.002 -20"><span class='ocrx_word' id='word_1_95' title='bbox 270 2917 354 2981; x_wconf 90' lang='lat' dir='ltr'>inter</span> <span class='ocrx_word' id='word_1_96' title='bbox 392 2919 559 3000; x_wconf 90' lang='lat' dir='ltr'>utramque</span> <span class='ocrx_word' id='word_1_97' title='bbox 599 2917 721 2982; x_wconf 81' lang='lat' dir='ltr'>dicendi</span> <span class='ocrx_word' id='word_1_98' title='bbox 762 2917 918 2981; x_wconf 88' lang='lat' dir='ltr'>rationem</span> <span class='ocrx_word' id='word_1_99' title='bbox 953 2917 1073 2982; x_wconf 91' lang='lat' dir='ltr'>nullam</span> <span class='ocrx_word' id='word_1_100' title='bbox 1112 2939 1180 2981; x_wconf 89' lang='lat' dir='ltr'>esse</span> <span class='ocrx_word' id='word_1_101' title='bbox 1218 2918 1387 2983; x_wconf 89' lang='lat' dir='ltr'>modorum</span> 
     </span>
     <span class='ocr_line' id='line_1_15' title="bbox 272 3024 528 3108; baseline 0.004 -21"><span class='ocrx_word' id='word_1_102' title='bbox 272 3024 528 3108; x_wconf 84' lang='lat' dir='ltr'>discrepantiam.</span> 
     </span>
    </p>
   </div>
   <div class='ocr_carea' id='block_1_6' title="bbox 376 3156 884 3222">
    <p class='ocr_par' dir='ltr' id='par_1_6' title="bbox 376 3156 884 3222">
     <span class='ocr_line' id='line_1_16' title="bbox 376 3156 884 3222; baseline 0 0"><span class='ocrx_word' id='word_1_103' title='bbox 376 3156 667 3222; x_wconf 72' lang='lat' dir='ltr'>condicionales</span> <span class='ocrx_word' id='word_1_104' title='bbox 692 3157 884 3222; x_wconf 90' lang='lat' dir='ltr'>sententiae:</span> 
     </span>
    </p>
   </div>
   <div class='ocr_carea' id='block_1_7' title="bbox 270 3271 1362 4230">
    <p class='ocr_par' dir='ltr' id='par_1_7' title="bbox 270 3271 1362 4230">
     <span class='ocr_line' id='line_1_17' title="bbox 270 3271 1141 3358; baseline 0.001 -21"><span class='ocrx_word' id='word_1_105' title='bbox 270 3271 388 3356; x_wconf 80' lang='lat' dir='ltr'>Amph.</span> <span class='ocrx_word' id='word_1_106' title='bbox 418 3272 492 3337; x_wconf 82' lang='lat'><strong>947.</strong></span> <span class='ocrx_word' id='word_1_107' title='bbox 545 3273 584 3337; x_wconf 85' lang='lat' dir='ltr'>Ut</span> <span class='ocrx_word' id='word_1_108' title='bbox 606 3294 684 3358; x_wconf 84' lang='lat' dir='ltr'>quoe</span> <span class='ocrx_word' id='word_1_109' title='bbox 708 3308 747 3317; x_wconf 87' lang='lat'>-</span> <span class='ocrx_word' id='word_1_110' title='bbox 773 3280 842 3336; x_wconf 83' lang='lat' dir='ltr'>uoto</span> <span class='ocrx_word' id='word_1_111' title='bbox 865 3275 941 3351; x_wconf 79' lang='lat' dir='ltr'>noui,</span> <span class='ocrx_word' id='word_1_112' title='bbox 964 3275 993 3337; x_wconf 82' lang='lat' dir='ltr'>si</span> <span class='ocrx_word' id='word_1_113' title='bbox 1016 3275 1141 3338; x_wconf 79' lang='lat' dir='ltr'>domum</span> 
     </span>
     <span class='ocr_line' id='line_1_18' title="bbox 478 3379 1150 3458; baseline 0.003 -15"><span class='ocrx_word' id='word_1_114' title='bbox 478 3391 482 3399; x_wconf 90' lang='lat'>&#39;</span> <span class='ocrx_word' id='word_1_115' title='bbox 538 3379 696 3443; x_wconf 82' lang='lat' dir='ltr'>Redissem</span> <span class='ocrx_word' id='word_1_116' title='bbox 718 3380 827 3458; x_wconf 80' lang='lat' dir='ltr'>saluos,</span> <span class='ocrx_word' id='word_1_117' title='bbox 854 3416 894 3426; x_wconf 96' lang='lat'><em>-</em></span> <span class='ocrx_word' id='word_1_118' title='bbox 920 3381 1074 3444; x_wconf 77' lang='lat' dir='ltr'>ausoluom</span> <span class='ocrx_word' id='word_1_119' title='bbox 1098 3417 1150 3445; x_wconf 92' lang='lat'>-.</span> 
     </span>
     <span class='ocr_line' id='line_1_19' title="bbox 270 3485 1248 3572; baseline 0 -22"><span class='ocrx_word' id='word_1_120' title='bbox 270 3485 340 3551; x_wconf 86' lang='lat' dir='ltr'>Gas.</span> <span class='ocrx_word' id='word_1_121' title='bbox 366 3487 440 3551; x_wconf 83' lang='lat'><strong>323.</strong></span> <span class='ocrx_word' id='word_1_122' title='bbox 535 3485 653 3572; x_wconf 72' lang='lat' dir='ltr'>Neyuui</span> <span class='ocrx_word' id='word_1_123' title='bbox 676 3487 758 3550; x_wconf 78' lang='lat' dir='ltr'>euim</span> <span class='ocrx_word' id='word_1_124' title='bbox 781 3487 843 3571; x_wconf 80' lang='lat' dir='ltr'>ipsi·</span> <span class='ocrx_word' id='word_1_125' title='bbox 864 3507 911 3550; x_wconf 82' lang='lat' dir='ltr'>me</span> <span class='ocrx_word' id='word_1_126' title='bbox 934 3507 1150 3550; x_wconf 80' lang='lat' dir='ltr'>concessurum</span> <span class='ocrx_word' id='word_1_127' title='bbox 1174 3487 1248 3568; x_wconf 82' lang='lat' dir='ltr'>lovi,</span> 
     </span>
     <span class='ocr_line' id='line_1_20' title="bbox 538 3592 905 3659; baseline -0.008 -1"><span class='ocrx_word' id='word_1_128' title='bbox 538 3592 575 3659; x_wconf 80' lang='lat' dir='ltr'>Si</span> <span class='ocrx_word' id='word_1_129' title='bbox 598 3595 626 3656; x_wconf 78' lang='lat' dir='ltr'>is</span> <span class='ocrx_word' id='word_1_130' title='bbox 649 3613 766 3657; x_wconf 79' lang='lat' dir='ltr'>meeum</span> <span class='ocrx_word' id='word_1_131' title='bbox 793 3599 905 3656; x_wconf 79' lang='lat' dir='ltr'>oraret.</span> 
     </span>
     <span class='ocr_line' id='line_1_21' title="bbox 270 3698 1275 3789; baseline -0.001 -26"><span class='ocrx_word' id='word_1_132' title='bbox 270 3698 411 3776; x_wconf 65' lang='lat' dir='ltr'>Palae,</span> <span class='ocrx_word' id='word_1_133' title='bbox 426 3700 523 3763; x_wconf 86' lang='grc'><strong>1241.</strong></span> <span class='ocrx_word' id='word_1_134' title='bbox 540 3706 573 3762; x_wconf 83' lang='lat' dir='ltr'>ot</span> <span class='ocrx_word' id='word_1_135' title='bbox 596 3720 647 3782; x_wconf 72' lang='lat' dir='ltr'>eqo</span> <span class='ocrx_word' id='word_1_136' title='bbox 671 3701 735 3763; x_wconf 83' lang='lat' dir='ltr'>iam</span> <span class='ocrx_word' id='word_1_137' title='bbox 758 3701 1007 3789; x_wconf 15' lang='lat' dir='ltr'>intusvpromam</span> <span class='ocrx_word' id='word_1_138' title='bbox 1030 3702 1140 3785; x_wconf 74' lang='lat' dir='ltr'>uiqinte&#39;</span> <span class='ocrx_word' id='word_1_139' title='bbox 1163 3701 1275 3781; x_wconf 80' lang='lat' dir='ltr'>minas,</span> 
     </span>
     <span class='ocr_line' id='line_1_22' title="bbox 542 3805 1019 3890; baseline 0.002 -21"><span class='ocrx_word' id='word_1_140' title='bbox 542 3805 628 3886; x_wconf 75' lang='lat' dir='ltr'>Quas</span> <span class='ocrx_word' id='word_1_141' title='bbox 649 3808 790 3890; x_wconf 77' lang='lat' dir='ltr'>promisi,</span> <span class='ocrx_word' id='word_1_142' title='bbox 814 3807 842 3870; x_wconf 81' lang='lat' dir='ltr'>si</span> <span class='ocrx_word' id='word_1_143' title='bbox 865 3805 1019 3888; x_wconf 82' lang='lat' dir='ltr'>effecisset.</span> 
     </span>
     <span class='ocr_line' id='line_1_23' title="bbox 376 3920 852 4004; baseline 0.002 -19"><span class='ocrx_word' id='word_1_144' title='bbox 376 3920 453 3986; x_wconf 89' lang='lat' dir='ltr'>Post</span> <span class='ocrx_word' id='word_1_145' title='bbox 475 3943 625 4004; x_wconf 87' lang='lat' dir='ltr'>praesens</span> <span class='ocrx_word' id='word_1_146' title='bbox 652 3920 852 3986; x_wconf 84' lang='lat' dir='ltr'>historicum:</span> 
     </span>
     <span class='ocr_line' id='line_1_24' title="bbox 270 4036 1236 4120; baseline 0 -19"><span class='ocrx_word' id='word_1_147' title='bbox 270 4036 369 4102; x_wconf 87' lang='lat' dir='ltr'>Mero.</span> <span class='ocrx_word' id='word_1_148' title='bbox 393 4038 446 4102; x_wconf 87' lang='lat'>83.</span> <span class='ocrx_word' id='word_1_149' title='bbox 505 4037 583 4101; x_wconf 80' lang='lat' dir='ltr'>Dico</span> <span class='ocrx_word' id='word_1_150' title='bbox 606 4059 668 4101; x_wconf 80' lang='lat' dir='ltr'>esse</span> <span class='ocrx_word' id='word_1_151' title='bbox 690 4040 811 4101; x_wconf 81' lang='lat' dir='ltr'>iturum</span> <span class='ocrx_word' id='word_1_152' title='bbox 833 4045 1080 4120; x_wconf 71' lang='lat' dir='ltr'>memorantem,</span> <span class='ocrx_word' id='word_1_153' title='bbox 1105 4041 1133 4103; x_wconf 83' lang='lat' dir='ltr'>si</span> <span class='ocrx_word' id='word_1_154' title='bbox 1156 4040 1236 4119; x_wconf 84' lang='lat' dir='ltr'>uelit,</span> 
     </span>
     <span class='ocr_line' id='line_1_25' title="bbox 505 4143 1362 4230; baseline 0.004 -24"><span class='ocrx_word' id='word_1_155' title='bbox 505 4147 649 4207; x_wconf 69' lang='lat' dir='ltr'>[tutiorem.</span> <span class='ocrx_word' id='word_1_156' title='bbox 674 4147 803 4207; x_wconf 70' lang='lat' dir='ltr'>inissem</span> <span class='ocrx_word' id='word_1_157' title='bbox 825 4143 1006 4225; x_wconf 71' lang='lat' dir='ltr'>faceretne,</span> <span class='ocrx_word' id='word_1_158' title='bbox 1032 4145 1106 4208; x_wconf 71' lang='lat' dir='ltr'>duan</span> <span class='ocrx_word' id='word_1_159' title='bbox 1129 4147 1180 4209; x_wconf 79' lang='lat' dir='ltr'>illi</span> <span class='ocrx_word' id='word_1_160' title='bbox 1201 4144 1362 4230; x_wconf 84' lang='lat' dir='ltr'>obsequar.</span> 
     </span>
    </p>
   </div>
   <div class='ocr_carea' id='block_1_8' title="bbox 378 4336 806 4405">
    <p class='ocr_par' dir='ltr' id='par_1_8' title="bbox 378 4336 806 4405">
     <span class='ocr_line' id='line_1_26' title="bbox 378 4336 806 4405; baseline 0 -15"><span class='ocrx_word' id='word_1_161' title='bbox 378 4336 396 4405; x_wconf 84' lang='lat'>¹)</span> <span class='ocrx_word' id='word_1_162' title='bbox 414 4338 531 4403; x_wconf 79' lang='lat' dir='ltr'>Madvig</span> <span class='ocrx_word' id='word_1_163' title='bbox 550 4339 566 4391; x_wconf 91' lang='lat' dir='ltr'>l.</span> <span class='ocrx_word' id='word_1_164' title='bbox 587 4339 603 4391; x_wconf 92' lang='lat' dir='ltr'>l.</span> <span class='ocrx_word' id='word_1_165' title='bbox 623 4338 641 4405; x_wconf 64' lang='grc' dir='ltr'>ξ</span> <span class='ocrx_word' id='word_1_166' title='bbox 659 4339 713 4391; x_wconf 86' lang='grc'>368</span> <span class='ocrx_word' id='word_1_167' title='bbox 731 4355 806 4391; x_wconf 87' lang='lat' dir='ltr'>anm.</span> 
     </span>
    </p>
   </div>
   <div class='ocr_carea' id='block_1_9' title="bbox 0 0 1542 5190">
    <p class='ocr_par' dir='ltr' id='par_1_9' title="bbox 0 0 1542 5190">
     <span class='ocr_line' id='line_1_27' title="bbox 0 0 1542 5190; baseline 0 2"><span class='ocrx_word' id='word_1_168' title='bbox 0 0 1542 5190; x_wconf 95' lang='lat' dir='ltr'> </span> 
     </span>
    </p>
   </div>
  </div>
 </body>
</html>
