3076 5190
683 558 853 634 ..20-

215 744 270 811 ubi
305 747 538 813 ooniunotivum
575 749 608 812 in
643 751 827 812 contextum
854 747 977 833 recepit
1000 749 1134 830 uiuum,
1158 752 1271 816 neseio
1299 775 1342 817 an

215 876 286 920 oum
321 855 539 920 Lindemanno
575 860 607 920 et
630 857 744 923 ceteris
769 856 944 921 editoribus
968 857 1194 940 praeferendus
1220 859 1264 922 sit
1289 859 1343 924 in·

215 961 371 1027 dioutivus
395 970 478 1026 suut.

321 1133 351 1197 2.
399 1128 434 1196 Si
469 1132 584 1218 quibus
619 1132 652 1196 in
676 1132 843 1196 sententiis
867 1133 1086 1197 relativum
1109 1155 1342 1217 pronomen

213 1239 491 1303 tantummodo
514 1238 729 1302 infinitum
754 1242 812 1316 est,
836 1239 1055 1304 coniunctivus
1078 1241 1170 1305 nobis
1193 1243 1342 1307 ooourrit

213 1399 450 1464 adfuturum
474 1402 623 1482 tempus
647 1402 846 1483 spectans:

213 1542 286 1607 Aul.
313 1543 387 1607 129.
427 1537 524 1626 lt<a>
560 1549 727 1627 aequomst,
763 1542 864 1627 quod
893 1544 1014 1606 iurem
1038 1519 1247 1627 esse'utrique
1271 1566 1337 1607 ur-

532 1648 731 1712 bitremur

426 1755 468 1819 Et
490 1755 569 1818 miti
592 1762 619 1819 te
642 1762 670 1818 et
693 1755 748 1818 ubi
773 1751 859 1840 (rue)
885 1756 1043 1819 consulere
1065 1764 1092 1819 et
1116 1777 1247 1822 mouere.

495 1861 551 1943 (=
565 1861 784 1945 quodcumque
809 1862 1049 1944 arbitrabimur)

211 1971 267 2037 As.
293 1971 345 2034 24.
430 1969 524 2032 Video
548 1989 664 2032 necesse
687 1989 749 2032 esse
771 1967 872 2054 eloqui
895 1967 1050 2055 quidquid
1073 1991 1168 2052 reyes.

211 2083 256 2146 St.
281 2078 334 2143 69.
424 2076 530 2157 (Pau)
554 2075 623 2138 Nos
646 2083 771 2159 oportet,
795 2077 890 2161 quod
912 2077 965 2140 uu
988 2076 1122 2158 faeiat,
1146 2079 1258 2161 quoius
1279 2099 1334 2161 po·

530 2191 623 2248 testes
644 2185 717 2268 plus
734 2191 844 2268 potest.
1105 2178 1107 2182 ’

552 2289 608 2370 (=
621 2291 842 2375 quodcumque
867 2289 977 2371 faciet)

210 2398 308 2463 Persa
325 2399 399 2464 273.
424 2397 536 2461 Emere
559 2405 684 2482 oportet,
708 2418 820 2483 quem
843 2397 898 2460 tibi
921 2396 1059 2461 oboedire
1081 2400 1190 2462 uelis.

367 2587 369 2592 ¹
596 2503 652 2586 (=
665 2504 691 2567 si
715 2525 810 2587 quem
833 2503 934 2586 voles)

210 2612 281 2677 (tas.
307 2613 381 2678 872.
423 2610 467 2675 Et
491 2611 533 2674 ibi
556 2610 710 2674 audacius
733 2611 802 2674 licet

423 2719 527 2798 Quae
549 2719 650 2781 uelis
673 2718 765 2781 libere
785 2718 930 2803 proloqui
954 2715 1044 2801 [uelis
1060 2717 1100 2799 A,
1117 2717 1163 2783 uis
1179 2718 1307 2805 ceteri}

562 2829 617 2901 (=
630 2846 848 2908 quaecumque
872 2823 971 2901 voles)

315 2947 352 3013 In
376 2950 557 3014 concessivo
580 2947 631 3012 vel
654 2948 854 3013 adversativo
877 2950 1107 3014 sententiarum
1130 2973 1229 3017 nexu:

207 3075 302 3141 Most.
321 3075 396 3139 287.
422 3074 506 3153 Quid
541 3081 639 3158 opust,
673 3074 769 3158 quod
802 3094 890 3137 suom
925 3095 987 3137 esse
1009 3076 1122 3156 uelit,
1147 3073 1217 3162 e<i>
1242 3079 1329 3142 ultro

526 3179 736 3244 ostenderim?

413 3284 508 3371 [uolet
531 3294 558 3350 te
582 3287 690 3365 ceteri,
714 3287 820 3350 uotlite
843 3285 901 3364 Ba,
926 3308 1005 3353 corr.
1030 3287 1118 3373 Pyl.]

313 3437 429 3505 Utrum
454 3438 672 3503 ooniunotivus
700 3436 742 3500 sit
765 3459 806 3501 an
829 3437 1020 3503 indicativus
1044 3440 1154 3519 futuri,
1179 3463 1237 3525 per
1258 3442 1325 3507 for·

206 3569 274 3612 mas
298 3568 360 3610 non
384 3545 460 3610 licet
483 3545 657 3610 diiudicare
682 3544 715 3608 in
739 3544 804 3609 his:

206 3671 325 3755 Amph.
349 3670 423 3736 316.
480 3670 557 3734 Aua
571 3668 677 3751 formu
697 3664 702 3751 Ι
722 3688 784 3733 esse
796 3677 921 3753 oportet,
934 3690 1024 3755 quem
1037 3680 1070 3734 tu
1079 3694 1186 3756 puyuo
1203 3673 1324 3758 teyerr's.

345 3777 420 3843 318.
469 3777 672 3861 percusseris.

311 3907 393 3974 Item
438 3910 470 3973 in
515 3910 683 3994 temporali
721 3915 803 3975 sont.
842 3910 959 3975 Baooh.
1000 3912 1073 3991 765,
1114 3912 1182 3977 Mil.
1225 3914 1321 3993 1169,

204 4017 286 4084 Rud.
313 4017 387 4083 716.

311 4171 342 4235 3.
388 4164 426 4230 In
466 4168 831 4234 condicionalibus
865 4169 1005 4252 periodis
1046 4171 1124 4234 sutis
1159 4172 1320 4256 cognitum

204 4281 253 4343 est
287 4278 326 4342 sd
362 4275 594 4340 ooniunotivum
630 4280 791 4360 protusoos
826 4278 1018 4360 respondere
1053 4299 1146 4362 posse
1180 4279 1214 4342 in
1246 4300 1322 4363 apo·
