3076 5190
671 571 870 640 -179-

208 746 248 812 In
259 746 332 813 (tas.
348 748 421 813 146.
452 746 512 811 Vir
534 746 641 833 sequid
663 748 739 813 colet
763 770 819 831 me,
840 747 938 831 facite
960 747 1034 814 binc
1057 751 1236 832 accersatis,

207 857 307 920 rerba
333 852 431 938 facite
453 853 622 919 accersatis
658 855 837 940 simplicem
871 856 1096 940 imperativum
1132 857 1334 924 circumscri-

208 963 306 1027 bunt:
342 962 419 1046 quin
454 962 661 1026 indicativum
697 962 893 1027 condicionis
927 984 1000 1027 cum
1024 964 1214 1047 imperativo
1236 965 1334 1047 tacite

207 1069 404 1153 coniungere
427 1068 514 1133 licet.
561 1069 670 1133 Simile
698 1072 747 1147 est

207 1191 255 1258 St.
281 1193 355 1257 148.
423 1191 462 1258 So·
483 1193 522 1256 ab
537 1194 604 1256 ciro
620 1191 677 1255 tibi
690 1193 773 1275 forte
787 1195 887 1258 reniet
902 1196 1043 1273 nuntias,
1059 1193 1157 1276 facito
1174 1203 1208 1259 nt
1223 1195 1333 1262 sciam.

208 1298 248 1364 In
268 1297 357 1364 Trin.
372 1300 513 1364 sel-2.
530 1298 567 1363 st
592 1335 632 1344 -
653 1297 779 1383 placide
800 1300 1023 1383 percontabere,
1047 1337 1090 1346 —
1113 1301 1192 1383 foco
1215 1301 1305 1381 scias,

263 1391 269 1405 ⁹
402 1403 563 1490 [percant.
589 1405 626 1481 Β,
648 1413 806 1489 perennet.
831 1407 945 1484 ceteri,
967 1406 1062 1489 fanos
1085 1405 1129 1492 B]

209 1515 309 1580 verba
331 1513 409 1594 fano
432 1511 516 1576 scias
538 1513 680 1576 futurum
705 1513 979 1577 circumscribunt.

207 1620 246 1685 ln
270 1619 322 1685 Ps.
347 1620 421 1684 949.
447 1619 538 1698 falso,
568 1619 670 1698 oredo,
700 1619 838 1684 editores
865 1618 894 1682 si
921 1616 1092 1705 effici<e>s
1122 1619 1163 1685 V.
1189 1621 1283 1686 infra.

315 1771 355 1836 α’.
403 1770 636 1837 condicionalis
671 1775 750 1835 sent.
776 1772 860 1835 inter
894 1771 1080 1854 primariam
1109 1777 1142 1836 et
1165 1775 1331 1858 regentem

209 1878 401 1943 sententiam
425 1877 612 1942 intercedit:
748 1876 750 1880 ’

208 1993 301 2077 Capt.
323 1993 398 2059 747.
424 1995 467 2058 At
490 2013 589 2057 annm
611 1992 667 2056 boe
689 2014 811 2077 quaeso,
836 1992 871 2057 si
894 1995 954 2057 buc
977 1993 1124 2058 rebitet
1147 1995 1218 2075 Po,

429 2099 468 2163 Ut
491 2098 535 2163 mi
558 2097 626 2163 eins
647 2099 752 2181 facias
775 2098 983 2164 conveniendi
1004 2099 1137 2184 copiam.

207 2204 297 2271 Trin.
313 2207 408 2271 1042.
423 2206 464 2270 Et
487 2213 597 2286 metuo,
628 2204 663 2270 si
692 2207 943 2289 conpellabo,
979 2228 1017 2271 ne
1044 2206 1141 2273 oliam
1166 2229 1233 2273 rern
1257 2211 1332 2273 occi·

528 2311 597 2396 piat
621 2310 716 2398 loqui.

541 2417 621 2502 [sed
643 2419 728 2495 libri,
753 2418 799 2483 Et
822 2418 1004 2504 Acidalius]

317 2570 356 2635 a⁸.
403 2569 554 2656 Sequitur
577 2571 803 2635 condicionalis
827 2573 907 2635 sent.

315 2700 511 2769 Indicstivus
534 2706 626 2769 serbi
650 2705 724 2768 velte
747 2708 796 2768 est
819 2704 852 2767 in

208 2819 300 2902 Gept.
320 2819 394 2884 920.
420 2818 545 2900 Dicam,
578 2828 613 2883 nt
645 2817 707 2883 sibi
725 2840 842 2903 pennm
867 2817 945 2882 olibi
968 2819 1109 2900 adornet,
1133 2818 1333 2905 siqnidem

529 2925 663 2991 sescnti
685 2927 799 2992 votet.
1211 2932 1213 2937 '

209 3030 305 3118 [aiibi
327 3033 459 3096 adornet
482 3031 511 3096 A
535 3031 586 3112 (ut
611 3030 829 3097 Studemundo
852 3033 955 3096 visum
980 3036 1052 3113 est),
1074 3032 1168 3098 alind
1182 3041 1269 3098 ornet
1289 3031 1332 3119 P]

316 3162 354 3229 In
389 3166 510 3230 duobus
546 3165 701 3249 exemplis
729 3166 922 3230 coniecturis
945 3167 1091 3249 quemvis
1114 3166 1334 3250 probabilibus

208 3272 399 3337 indicativus
423 3272 574 3336 debetur:
599 3276 672 3356 post
693 3271 791 3354 facito
814 3273 849 3336 in

209 3397 305 3461 Poeu.
321 3395 416 3461 1084.
442 3393 552 3459 Facito
575 3393 620 3458 sis
644 3396 767 3475 reddas,
789 3395 861 3460 etsi
884 3395 934 3459 bic
957 3393 1199 3481 babit<abit>,
1216 3402 1334 3476 tamen·

210 3501 321 3586 [facite
356 3505 429 3566 ante
465 3523 546 3567 corr.
571 3501 608 3579 B;
645 3501 1047 3581 troarnensem,
1073 3503 1144 3566 add.
1170 3499 1251 3585 Pyl.;
1275 3492 1333 3565 da-

620 3606 739 3693 bit<at>
765 3607 916 3692 Bothius]

374 3736 388 3795 t
410 3754 481 3796 caoe
503 3733 537 3796 in

208 3837 297 3904 Trin.
310 3754 373 3903 ilii
378 3840 405 3904 1.
425 3838 508 3905 Caoe
530 3841 574 3903 sis
597 3836 655 3902 tibi
677 3860 715 3901 ne
738 3837 845 3902 bnbnli
860 3837 896 3902 in
912 3845 940 3902 te
955 3836 1066 3901 cottabi
1082 3835 1184 3901 crebri
1201 3845 1331 3922 crepent,

424 3944 468 4012 Si
495 3943 668 4029 ab[i]eris
693 3945 731 4008 ab
754 3944 801 4009 eri
824 3943 1012 4030 quaestione.

209 4050 293 4117 Nam
319 4055 351 4116 et
373 4052 407 4115 in
431 4051 527 4117 Poeu.
554 4051 640 4116 1084
664 4052 852 4117 facillimum
876 4054 925 4116 est
948 4071 1020 4116 cum
1044 4049 1165 4134 Pylade
1180 4049 1331 4134 supplere

208 4155 402 4244 bobit<ubit>
428 4162 461 4222 et
480 4159 513 4223 in
529 4157 617 4223 Trin.
638 4159 721 4222 1072
746 4157 975 4222 correctionem
992 4157 1168 4224 (temerarii
1184 4158 1212 4221 si
1227 4156 1331 4240 obli]-

208 4263 273 4335 eris
296 4266 496 4331 commendat
519 4263 702 4357 parechesis
727 4265 895 4335 verborum
919 4263 1021 4328 aberis
1045 4264 1082 4332 ab
1105 4266 1164 4333 eri.
