3076 5190
666 586 859 649 -102-

206 768 264 840 est,
300 763 382 846 quod
416 761 552 844 simplex
587 783 762 845 pronomen
798 761 966 826 relativum
1001 762 1179 827 universali
1210 764 1334 828 notione

208 870 387 955 praeditum
412 872 469 933 est.
517 867 738 951 Comparanda
762 872 869 932 autem
893 873 967 933 sunt
989 870 1046 933 illa
1070 892 1122 934 ex.
1148 893 1224 934 cum
1242 870 1320 935 hoc:

208 1013 289 1078 llud.
305 1012 401 1076 1138.
430 1009 515 1091 Quid
549 1008 579 1074 31
612 1009 675 1074 1313
709 1019 764 1074 aul
788 1011 1002 1095 superstitioso
1027 1018 1083 1076 out
1106 1011 1269 1078 hariolast
1290 1022 1333 1077 ot·

526 1139 584 1202 que
607 1116 724 1198 omnio,

427 1223 635 1309 Quidquid
657 1222 778 1305 113311,
803 1225 1003 1290 corradicat?

207 1353 276 1435 (ubi
316 1373 387 1416 cum
422 1349 578 1414 Muellero
615 1349 762 1425 editores,
802 1354 936 1434 excepto
976 1351 1090 1428 leone,
1126 1360 1333 1417 correxerunt

204 1457 324 1541 tuerit).
371 1455 457 1521 Nam
481 1459 513 1520 et
537 1456 569 1520 in
594 1456 654 1519 hoc
679 1460 711 1520 et
734 1458 766 1519 in
791 1457 855 1520 illis
879 1458 1069 1523 universalis
1092 1463 1174 1523 sent.
1197 1460 1332 1523 relativa

206 1588 239 1630 se
264 1565 407 1649 applicat
431 1564 470 1626 ad
495 1563 594 1626 futuri
618 1564 772 1646 temporis
795 1566 928 1628 verbum
953 1565 1151 1648 primarium.
1201 1564 1290 1641 Quod
1306 1567 1331 1628 si

206 1672 396 1758 cogitamus,
420 1692 516 1754 quam
551 1693 656 1754 prope
687 1670 771 1733 inter
805 1693 839 1733 se
875 1672 1029 1736 accedant
1055 1673 1279 1737 coniunctivus
1302 1676 1331 1736 et

208 1779 307 1843 futuri
341 1777 533 1842 indicativus
569 1777 632 1856 (cfr
666 1775 879 1842 Rodenbusch
893 1774 917 1859 ¹)
952 1801 983 1862 p.
1009 1780 1049 1843 57
1086 1780 1172 1863 sqq.)
1209 1780 1242 1843 in
1279 1779 1330 1842 illa

95 1971 97 1975 y
206 1885 344 1949 maxime
379 1883 537 1948 salutandi
575 1883 706 1966 optandi
741 1883 888 1962 formula,
923 1885 977 1949 ubi
1001 1886 1180 1969 promiscue
1193 1882 1219 1962 ²)
1245 1885 1328 1950 adhi-

209 1994 323 2057 bentur
346 1991 434 2054 nullo
457 1990 635 2055 sententiae
659 1990 841 2054 discrimine
866 1990 957 2074 (quin
980 1992 1012 2055 in
1038 1991 1136 2056 Persa
1154 1992 1195 2056 16
1221 1991 1249 2056 O
1273 1991 1328 2059 Su·

204 2097 346 2183 portatio,
364 2096 415 2161 dei
438 2105 541 2161 ament
565 2105 592 2160 13
608 2096 620 2179 ΙΙ
639 2096 665 2160 0
684 2096 800 2175 Toxilo,
818 2097 936 2161 dobunt
952 2097 987 2161 di
1002 2119 1082 2182 quoe
1096 2105 1222 2182 exoptes
1239 2098 1328 2182 plane

206 2208 291 2270 inter
323 2228 356 2269 se
392 2204 578 2287 succedunt)
613 2205 659 2268 ita
690 2207 798 2268 tamen
821 2208 857 2268 ut
892 2205 1111 2269 coniunctivus
1134 2206 1326 2288 praevaleat,

206 2336 268 2377 non
304 2313 419 2376 mirum
451 2315 509 2390 est,
534 2312 630 2375 etiam
654 2313 685 2374 in
712 2334 749 2374 ea
773 2311 934 2375 sententia
957 2312 1155 2388 secundaria,
1185 2333 1269 2396 quae
1292 2313 1326 2376 ad

206 2420 386 2484 huiusmodi
422 2419 520 2482 futuri
555 2418 763 2482 indicativum
799 2439 832 2482 se
868 2419 1055 2502 applicaret,
1096 2414 1327 2484 coniunctivum

207 2548 246 2588 ex
271 2526 462 2590 attractione
486 2525 563 2590 oriri
586 2525 738 2608 potuisse.

313 2631 373 2696 Illa
396 2632 525 2715 quidem
550 2632 706 2715 exempla,
731 2633 763 2695 in
789 2633 904 2715 quibus
928 2632 1149 2696 coniunctivus
1175 2637 1225 2697 est
1244 2633 1327 2698 verbi

206 2740 288 2818 celle,
323 2761 382 2822 per
405 2761 438 2802 se
462 2737 543 2801 nihil
565 2739 713 2821 probant,
738 2760 809 2802 cum
834 2739 1053 2803 coniunctivus
1077 2762 1146 2803 esse
1172 2741 1326 2824 possitis,

207 2846 262 2929 qui
297 2847 393 2909 etiam
429 2845 463 2908 in
496 2845 650 2910 absolutis
674 2846 841 2909 sententiis
865 2847 984 2929 passim
1008 2849 1193 2930 usurpatur,
1218 2851 1327 2930 poten·

207 2953 318 3017 tialem
342 2974 438 3036 quem
463 2952 572 3015 dicunt
595 2950 735 3034 (Inspice
760 2974 809 3016 ex.
831 2974 878 3036 gr.
898 2952 1036 3018 113623
1061 2955 1115 3017 ubi
1138 2954 1248 3018 verbis
1264 2955 1327 3018 Do-

207 3061 283 3124 buut
318 3058 352 3123 di
387 3080 465 3144 quac
499 3057 600 3122 3311113
634 3059 809 3122 succedunt
843 3060 939 3125 haec:
975 3059 1102 3124 Noctem
1136 3096 1176 3105 —
1206 3058 1326 3142 uelim.).

208 3165 270 3231 Sed
307 3187 379 3230 cum
414 3166 447 3228 id
471 3187 534 3228 non
556 3165 663 3229 valeat
686 3166 725 3229 de
748 3168 847 3230 verbo
871 3175 962 3250 optes,
987 3188 1050 3229 non
1074 3169 1122 3229 331
1145 3187 1204 3230 cur
1226 3167 1261 3230 in
1283 3165 1328 3229 his

207 3277 272 3337 tam
307 3273 466 3337 similibus
502 3271 657 3355 exemplis
693 3272 824 3336 alterius
849 3273 977 3358 generis
1001 3273 1239 3337 coniunctivum
1264 3294 1328 3337 esse

207 3383 355 3463 putemus
379 3377 454 3443 33113
477 3376 608 3459 (uelitis)
632 3400 727 3461 quam
751 3386 843 3462 optes.

316 3484 478 3550 Contendo
522 3485 623 3569 igitur
661 3485 695 3548 in
729 3486 817 3550 nulla
853 3486 1025 3550 universali
1059 3487 1229 3565 sententia,
1266 3487 1328 3550 sive

208 3593 345 3676 simplex
380 3593 447 3656 sive
484 3592 690 3676 compositum
727 3614 901 3675 pronomen
932 3596 990 3670 est,
1015 3593 1252 3659 coniunctivum
1276 3594 1328 3657 ad·

207 3700 324 3775 hiberi,
349 3703 385 3762 ut
408 3699 621 3763 universalem
645 3700 710 3764 vim
735 3701 871 3775 tribuat;
906 3700 1143 3764 coniunctirum
1168 3708 1274 3764 autem
1298 3700 1328 3763 in

208 3807 365 3890 exemplis
389 3828 471 3889 quae
497 3806 590 3869 attuli
615 3827 683 3869 esse
707 3807 871 3870 modorum
894 3807 1131 3871 assimilationis
1143 3801 1180 3889 ⁸).

314 4033 333 4101 ²)
351 4036 383 4088 E.
402 4035 597 4088 Rodenbusch
617 4035 659 4087 De
678 4040 766 4101 temp.
786 4051 841 4087 usu
859 4035 993 4088 Plautino
1012 4036 1198 4102 Argentorati
1219 4036 1296 4090 1888.

185 4191 188 4196 Ι
314 4121 334 4191 ²)
359 4125 468 4176 Eadem
487 4125 560 4176 ratio
579 4125 658 4177 valet
675 4125 707 4175 in
725 4124 839 4176 iurandi
859 4124 995 4176 formula:
1024 4123 1065 4176 113
1083 4140 1125 4177 mc
1143 4123 1173 4177 di
1192 4123 1328 4191 amabant,

206 4218 236 4265 et
254 4211 295 4265 113
313 4229 355 4264 mc
374 4211 403 4264 cu·
422 4215 521 4265 autaut.

314 4298 335 4369 ³)
352 4302 432 4354 Haec
451 4302 540 4356 verba
559 4302 633 4354 facio
647 4301 733 4354 etiam
748 4305 848 4358 contra
860 4302 1116 4361 Rodenbuschium
1130 4303 1148 4356 l.
1161 4303 1179 4355 l.
1193 4319 1221 4378 p.
1235 4302 1329 4357 63-4.
