<?xml version="1.0" encoding="UTF-8"?>
<!DOCTYPE html PUBLIC "-//W3C//DTD XHTML 1.0 Transitional//EN"
    "http://www.w3.org/TR/xhtml1/DTD/xhtml1-transitional.dtd">
<html xmlns="http://www.w3.org/1999/xhtml" xml:lang="en" lang="en">
 <head>
  <title>
</title>
<meta http-equiv="Content-Type" content="text/html;charset=utf-8" />
  <meta name='ocr-system' content='tesseract 3.04.00' />
  <meta name='ocr-capabilities' content='ocr_page ocr_carea ocr_par ocr_line ocrx_word'/>
</head>
<body>
  <div class='ocr_page' id='page_1' title='image "./deconiunctivopl00thulgoog_0103.png"; bbox 0 0 3076 5190; ppageno 0'>
   <div class='ocr_carea' id='block_1_1' title="bbox 692 492 862 607">
    <p class='ocr_par' dir='ltr' id='par_1_1' title="bbox 692 492 862 607">
     <span class='ocr_line' id='line_1_1' title="bbox 692 492 862 607; baseline -0.018 -15"><span class='ocrx_word' id='word_1_1' title='bbox 692 492 862 607; x_wconf 65' lang='lat' dir='ltr'><strong><em>,gg-</em></strong></span> 
     </span>
    </p>
   </div>
   <div class='ocr_carea' id='block_1_2' title="bbox 237 863 1305 1125">
    <p class='ocr_par' dir='ltr' id='par_1_2' title="bbox 237 863 1305 1125">
     <span class='ocr_line' id='line_1_2' title="bbox 237 863 1305 944; baseline 0.006 -16"><span class='ocrx_word' id='word_1_2' title='bbox 237 863 293 929; x_wconf 91' lang='lat' dir='ltr'><strong><em>IV.</em></strong></span> <span class='ocrx_word' id='word_1_3' title='bbox 341 864 493 930; x_wconf 79' lang='lat' dir='ltr'><strong><em>Secundae</em></strong></span> <span class='ocrx_word' id='word_1_4' title='bbox 517 880 663 942; x_wconf 81' lang='lat' dir='ltr'>personae</span> <span class='ocrx_word' id='word_1_5' title='bbox 686 863 810 928; x_wconf 85' lang='lat' dir='ltr'><strong><em>verbum</em></strong></span> <span class='ocrx_word' id='word_1_6' title='bbox 835 867 883 930; x_wconf 87' lang='lat' dir='ltr'><strong><em>ost</em></strong></span> <span class='ocrx_word' id='word_1_7' title='bbox 906 865 937 929; x_wconf 91' lang='lat' dir='ltr'><strong><em>in</em></strong></span> <span class='ocrx_word' id='word_1_8' title='bbox 961 865 1112 944; x_wconf 80' lang='lat' dir='ltr'><strong><em>primario</em></strong></span> <span class='ocrx_word' id='word_1_9' title='bbox 1137 870 1305 935; x_wconf 84' lang='lat' dir='ltr'><strong><em>enuntiato.</em></strong></span> 
     </span>
     <span class='ocr_line' id='line_1_3' title="bbox 343 1040 1203 1125; baseline 0.007 -21"><span class='ocrx_word' id='word_1_10' title='bbox 343 1062 372 1107; x_wconf 87' lang='grc' dir='ltr'><strong><em>α.</em></strong></span> <span class='ocrx_word' id='word_1_11' title='bbox 420 1040 652 1105; x_wconf 74' lang='lat' dir='ltr'><strong>Praeteriti</strong></span> <span class='ocrx_word' id='word_1_12' title='bbox 687 1043 883 1125; x_wconf 87' lang='lat' dir='ltr'><strong><em>temporie</em></strong></span> <span class='ocrx_word' id='word_1_13' title='bbox 918 1045 1084 1107; x_wconf 85' lang='lat' dir='ltr'><strong><em>verbum</em></strong></span> <span class='ocrx_word' id='word_1_14' title='bbox 1122 1050 1203 1112; x_wconf 84' lang='lat' dir='ltr'><strong><em>est:</em></strong></span> 
     </span>
    </p>
   </div>
   <div class='ocr_carea' id='block_1_3' title="bbox 212 1215 1335 1429">
    <p class='ocr_par' dir='ltr' id='par_1_3' title="bbox 212 1215 1335 1429">
     <span class='ocr_line' id='line_1_4' title="bbox 607 1215 939 1284; baseline 0.006 -3"><span class='ocrx_word' id='word_1_15' title='bbox 607 1215 647 1281; x_wconf 83' lang='lat' dir='ltr'><strong><em>A.</em></strong></span> <span class='ocrx_word' id='word_1_16' title='bbox 694 1222 939 1284; x_wconf 79' lang='lat' dir='ltr'><strong><em>coniunctivae.</em></strong></span> 
     </span>
     <span class='ocr_line' id='line_1_5' title="bbox 212 1339 1335 1429; baseline 0.003 -19"><span class='ocrx_word' id='word_1_17' title='bbox 212 1344 303 1410; x_wconf 73' lang='lat' dir='ltr'><strong><em>(iuro.</em></strong></span> <span class='ocrx_word' id='word_1_18' title='bbox 327 1345 401 1410; x_wconf 81' lang='lat'><strong><em>549.</em></strong></span> <span class='ocrx_word' id='word_1_19' title='bbox 427 1345 513 1425; x_wconf 75' lang='lat' dir='ltr'><strong><em>Quid</em></strong></span> <span class='ocrx_word' id='word_1_20' title='bbox 533 1344 662 1426; x_wconf 79' lang='lat' dir='ltr'><em>fecisti?</em></span> <span class='ocrx_word' id='word_1_21' title='bbox 681 1339 691 1429; x_wconf 69' lang='lat' dir='ltr'><strong><em>ll</em></strong></span> <span class='ocrx_word' id='word_1_22' title='bbox 715 1344 804 1424; x_wconf 75' lang='lat' dir='ltr'><strong><em>Quod</em></strong></span> <span class='ocrx_word' id='word_1_23' title='bbox 826 1347 985 1409; x_wconf 80' lang='lat' dir='ltr'><strong><em>mandasti</em></strong></span> <span class='ocrx_word' id='word_1_24' title='bbox 1007 1345 1114 1429; x_wconf 85' lang='lat' dir='ltr'><strong><em>[feci],</em></strong></span> <span class='ocrx_word' id='word_1_25' title='bbox 1139 1352 1189 1411; x_wconf 87' lang='lat' dir='ltr'><strong><em>tui</em></strong></span> <span class='ocrx_word' id='word_1_26' title='bbox 1213 1350 1335 1413; x_wconf 75' lang='lat' dir='ltr'><strong><em>lionoris</em></strong></span> 
     </span>
    </p>
   </div>
   <div class='ocr_carea' id='block_1_4' title="bbox 428 1453 1334 1749">
    <p class='ocr_par' dir='ltr' id='par_1_4' title="bbox 428 1453 1334 1749">
     <span class='ocr_line' id='line_1_6' title="bbox 553 1453 638 1514; baseline 0 0"><span class='ocrx_word' id='word_1_27' title='bbox 553 1453 638 1514; x_wconf 90' lang='lat' dir='ltr'><strong><em>ratia</em></strong></span> 
     </span>
     <span class='ocr_line' id='line_1_7' title="bbox 428 1473 1334 1644; baseline 0.003 -22"><span class='ocrx_word' id='word_1_28' title='bbox 428 1473 648 1644; x_wconf 51' lang='lat' dir='ltr'><strong><em>Tuomyqui&#39;</em></strong></span> <span class='ocrx_word' id='word_1_29' title='bbox 665 1559 790 1642; x_wconf 87' lang='lat' dir='ltr'><strong><em>sipnum</em></strong></span> <span class='ocrx_word' id='word_1_30' title='bbox 814 1558 856 1621; x_wconf 89' lang='lat' dir='ltr'><strong><em>ad</em></strong></span> <span class='ocrx_word' id='word_1_31' title='bbox 877 1580 926 1623; x_wconf 89' lang='lat' dir='ltr'><strong><em>me</em></strong></span> <span class='ocrx_word' id='word_1_32' title='bbox 948 1561 1165 1625; x_wconf 77' lang='lat' dir='ltr'><strong><em>attulisset</em></strong></span> <span class='ocrx_word' id='word_1_33' title='bbox 1190 1566 1334 1628; x_wconf 86' lang='lat' dir='ltr'><strong><em>nuntium</em></strong></span> 
     </span>
     <span class='ocr_line' id='line_1_8' title="bbox 531 1686 776 1749; baseline 0 -21"><span class='ocrx_word' id='word_1_34' title='bbox 531 1687 569 1728; x_wconf 92' lang='lat' dir='ltr'><strong><em>ne</em></strong></span> <span class='ocrx_word' id='word_1_35' title='bbox 592 1686 776 1749; x_wconf 81' lang='lat' dir='ltr'><strong><em>spernerem.</em></strong></span> 
     </span>
    </p>
   </div>
   <div class='ocr_carea' id='block_1_5' title="bbox 519 1783 1029 1873">
    <p class='ocr_par' dir='ltr' id='par_1_5' title="bbox 519 1783 1029 1873">
     <span class='ocr_line' id='line_1_9' title="bbox 519 1783 1029 1873; baseline 0.01 -24"><span class='ocrx_word' id='word_1_36' title='bbox 519 1783 622 1870; x_wconf 80' lang='lat' dir='ltr'><strong><em>[Quid</em></strong></span> <span class='ocrx_word' id='word_1_37' title='bbox 643 1787 705 1867; x_wconf 79' lang='lat' dir='ltr'><strong><em>feci</em></strong></span> <span class='ocrx_word' id='word_1_38' title='bbox 727 1786 794 1868; x_wconf 81' lang='grc' dir='ltr'><strong><em>ΒΕ,</em></strong></span> <span class='ocrx_word' id='word_1_39' title='bbox 818 1787 937 1870; x_wconf 80' lang='lat' dir='ltr'><strong><em>·fecisti</em></strong></span> <span class='ocrx_word' id='word_1_40' title='bbox 960 1787 1029 1873; x_wconf 75' lang='grc' dir='ltr'><strong><em>ΡΖ]</em></strong></span> 
     </span>
    </p>
   </div>
   <div class='ocr_carea' id='block_1_6' title="bbox 208 1929 1334 2656">
    <p class='ocr_par' dir='ltr' id='par_1_6' title="bbox 208 1929 1334 2656">
     <span class='ocr_line' id='line_1_10' title="bbox 318 1929 1334 2015; baseline 0.006 -21"><span class='ocrx_word' id='word_1_41' title='bbox 318 1930 454 2015; x_wconf 83' lang='lat' dir='ltr'><strong><em>Pylades</em></strong></span> <span class='ocrx_word' id='word_1_42' title='bbox 490 1929 609 1993; x_wconf 86' lang='lat' dir='ltr'><strong><em>delevit</em></strong></span> <span class='ocrx_word' id='word_1_43' title='bbox 642 1930 712 2009; x_wconf 81' lang='lat' dir='ltr'><strong><em>feci,</em></strong></span> <span class='ocrx_word' id='word_1_44' title='bbox 747 1935 834 1994; x_wconf 85' lang='lat' dir='ltr'><strong><em>recte</em></strong></span> <span class='ocrx_word' id='word_1_45' title='bbox 857 1935 893 1995; x_wconf 89' lang='lat' dir='ltr'><strong><em>ut</em></strong></span> <span class='ocrx_word' id='word_1_46' title='bbox 917 1930 995 1997; x_wconf 87' lang='lat' dir='ltr'><strong><em>mihi</em></strong></span> <span class='ocrx_word' id='word_1_47' title='bbox 1018 1932 1154 2013; x_wconf 84' lang='lat' dir='ltr'><strong><em>videtur,</em></strong></span> <span class='ocrx_word' id='word_1_48' title='bbox 1181 1957 1257 1999; x_wconf 83' lang='lat' dir='ltr'><strong><em>curn</em></strong></span> <span class='ocrx_word' id='word_1_49' title='bbox 1283 1959 1334 2000; x_wconf 88' lang='lat' dir='ltr'><strong><em>ne·</em></strong></span> 
     </span>
     <span class='ocr_line' id='line_1_11' title="bbox 210 2037 1334 2126; baseline 0.004 -24"><span class='ocrx_word' id='word_1_50' title='bbox 210 2060 296 2103; x_wconf 82' lang='lat' dir='ltr'><strong><em>cesse</em></strong></span> <span class='ocrx_word' id='word_1_51' title='bbox 332 2038 374 2101; x_wconf 86' lang='lat' dir='ltr'><strong><em>sit</em></strong></span> <span class='ocrx_word' id='word_1_52' title='bbox 401 2059 441 2100; x_wconf 88' lang='lat' dir='ltr'><strong><em>ex</em></strong></span> <span class='ocrx_word' id='word_1_53' title='bbox 463 2038 561 2100; x_wconf 87' lang='lat' dir='ltr'><strong><em>verbo</em></strong></span> <span class='ocrx_word' id='word_1_54' title='bbox 583 2037 744 2099; x_wconf 76' lang='lat' dir='ltr'><strong><em>mandasti</em></strong></span> <span class='ocrx_word' id='word_1_55' title='bbox 766 2038 906 2120; x_wconf 90' lang='lat' dir='ltr'><strong><em>pendere</em></strong></span> <span class='ocrx_word' id='word_1_56' title='bbox 928 2039 1109 2122; x_wconf 86' lang='lat' dir='ltr'><strong><em>periodum:</em></strong></span> <span class='ocrx_word' id='word_1_57' title='bbox 1146 2063 1185 2104; x_wconf 88' lang='lat' dir='ltr'><strong><em>ne</em></strong></span> <span class='ocrx_word' id='word_1_58' title='bbox 1208 2064 1334 2126; x_wconf 85' lang='lat' dir='ltr'><strong><em>sperne·</em></strong></span> 
     </span>
     <span class='ocr_line' id='line_1_12' title="bbox 210 2142 1334 2233; baseline 0.004 -25"><span class='ocrx_word' id='word_1_59' title='bbox 210 2166 275 2209; x_wconf 90' lang='lat' dir='ltr'><strong><em>rem</em></strong></span> <span class='ocrx_word' id='word_1_60' title='bbox 308 2146 364 2230; x_wconf 83' lang='lat' dir='ltr'><strong><em>qni</em></strong></span> <span class='ocrx_word' id='word_1_61' title='bbox 397 2144 561 2208; x_wconf 82' lang='lat' dir='ltr'><strong><em>attulisset.</em></strong></span> <span class='ocrx_word' id='word_1_62' title='bbox 586 2180 629 2188; x_wconf 93' lang='lat'><strong><em>--</em></strong></span> <span class='ocrx_word' id='word_1_63' title='bbox 654 2142 750 2208; x_wconf 80' lang='lat' dir='ltr'><strong><em>Cuius</em></strong></span> <span class='ocrx_word' id='word_1_64' title='bbox 774 2145 911 2209; x_wconf 88' lang='lat' dir='ltr'><strong><em>similem</em></strong></span> <span class='ocrx_word' id='word_1_65' title='bbox 935 2147 1113 2211; x_wconf 79' lang='lat' dir='ltr'><strong><em>iuncturam</em></strong></span> <span class='ocrx_word' id='word_1_66' title='bbox 1139 2171 1239 2232; x_wconf 85' lang='lat' dir='ltr'><strong><em>supra</em></strong></span> <span class='ocrx_word' id='word_1_67' title='bbox 1265 2173 1334 2233; x_wconf 86' lang='lat' dir='ltr'><strong><em>rep·</em></strong></span> 
     </span>
     <span class='ocr_line' id='line_1_13' title="bbox 210 2250 1334 2335; baseline 0.004 -20"><span class='ocrx_word' id='word_1_68' title='bbox 210 2252 350 2335; x_wconf 85' lang='lat' dir='ltr'><strong><em>perimus</em></strong></span> <span class='ocrx_word' id='word_1_69' title='bbox 388 2251 422 2314; x_wconf 88' lang='lat' dir='ltr'><strong><em>in</em></strong></span> <span class='ocrx_word' id='word_1_70' title='bbox 460 2250 544 2315; x_wconf 85' lang='lat' dir='ltr'><strong><em>Rud.</em></strong></span> <span class='ocrx_word' id='word_1_71' title='bbox 581 2251 722 2315; x_wconf 81' lang='lat'><strong><em>873-4.</em></strong></span> <span class='ocrx_word' id='word_1_72' title='bbox 764 2287 804 2296; x_wconf 93' lang='lat'><em>-</em></span> <span class='ocrx_word' id='word_1_73' title='bbox 845 2250 950 2316; x_wconf 85' lang='lat' dir='ltr'><strong><em>Aliter</em></strong></span> <span class='ocrx_word' id='word_1_74' title='bbox 989 2254 1072 2316; x_wconf 86' lang='lat' dir='ltr'><strong><em>enim</em></strong></span> <span class='ocrx_word' id='word_1_75' title='bbox 1112 2256 1334 2321; x_wconf 84' lang='lat' dir='ltr'><strong><em>coniunctirus</em></strong></span> 
     </span>
     <span class='ocr_line' id='line_1_14' title="bbox 209 2357 1334 2444; baseline 0.005 -24"><span class='ocrx_word' id='word_1_76' title='bbox 209 2360 363 2423; x_wconf 85' lang='lat' dir='ltr'><strong><em>attulisset</em></strong></span> <span class='ocrx_word' id='word_1_77' title='bbox 398 2357 644 2442; x_wconf 79' lang='lat' dir='ltr'><strong><em>explicationem</em></strong></span> <span class='ocrx_word' id='word_1_78' title='bbox 673 2379 733 2420; x_wconf 87' lang='lat' dir='ltr'><strong><em>non</em></strong></span> <span class='ocrx_word' id='word_1_79' title='bbox 759 2357 866 2423; x_wconf 85' lang='lat' dir='ltr'><strong><em>habet.</em></strong></span> <span class='ocrx_word' id='word_1_80' title='bbox 913 2357 996 2423; x_wconf 83' lang='lat' dir='ltr'><strong><em>Nam</em></strong></span> <span class='ocrx_word' id='word_1_81' title='bbox 1021 2363 1094 2443; x_wconf 84' lang='lat' dir='ltr'><strong><em>post</em></strong></span> <span class='ocrx_word' id='word_1_82' title='bbox 1115 2364 1253 2427; x_wconf 87' lang='lat' dir='ltr'><strong><em>verbum</em></strong></span> <span class='ocrx_word' id='word_1_83' title='bbox 1275 2363 1334 2444; x_wconf 84' lang='lat' dir='ltr'><strong><em>feci</em></strong></span> 
     </span>
     <span class='ocr_line' id='line_1_15' title="bbox 210 2464 1334 2551; baseline 0.005 -24"><span class='ocrx_word' id='word_1_84' title='bbox 210 2464 388 2530; x_wconf 87' lang='lat' dir='ltr'><strong><em>huiusmodi</em></strong></span> <span class='ocrx_word' id='word_1_85' title='bbox 412 2464 577 2548; x_wconf 84' lang='lat' dir='ltr'><strong><em>periodum</em></strong></span> <span class='ocrx_word' id='word_1_86' title='bbox 603 2467 838 2547; x_wconf 85' lang='lat' dir='ltr'><strong><em>exspectamus:</em></strong></span> <span class='ocrx_word' id='word_1_87' title='bbox 872 2473 907 2528; x_wconf 87' lang='lat' dir='ltr'><strong><em>ut</em></strong></span> <span class='ocrx_word' id='word_1_88' title='bbox 930 2467 985 2551; x_wconf 81' lang='lat' dir='ltr'><strong><em>qui</em></strong></span> <span class='ocrx_word' id='word_1_89' title='bbox 1007 2503 1050 2512; x_wconf 91' lang='lat'><strong><em>-—</em></strong></span> <span class='ocrx_word' id='word_1_90' title='bbox 1073 2469 1250 2533; x_wconf 86' lang='lat' dir='ltr'><strong><em>attulit-</em></strong></span> <span class='ocrx_word' id='word_1_91' title='bbox 1275 2493 1334 2533; x_wconf 88' lang='lat' dir='ltr'><strong><em>uon</em></strong></span> 
     </span>
     <span class='ocr_line' id='line_1_16' title="bbox 208 2569 1047 2656; baseline 0.004 -23"><span class='ocrx_word' id='word_1_92' title='bbox 208 2592 392 2655; x_wconf 83' lang='lat' dir='ltr'><strong><em>spernerem.</em></strong></span> <span class='ocrx_word' id='word_1_93' title='bbox 441 2571 573 2635; x_wconf 82' lang='lat' dir='ltr'><strong><em>Frustra</em></strong></span> <span class='ocrx_word' id='word_1_94' title='bbox 594 2571 715 2636; x_wconf 87' lang='lat' dir='ltr'><strong><em>Luchs:</em></strong></span> <span class='ocrx_word' id='word_1_95' title='bbox 740 2573 788 2635; x_wconf 85' lang='lat' dir='ltr'><strong><em>tn&#39;i</em></strong></span> <span class='ocrx_word' id='word_1_96' title='bbox 813 2569 887 2656; x_wconf 68' lang='lat' dir='ltr'><strong><em>(ut)</em></strong></span> <span class='ocrx_word' id='word_1_97' title='bbox 913 2573 1047 2638; x_wconf 79' lang='lat' dir='ltr'><strong><em>honoris.</em></strong></span> 
     </span>
    </p>
   </div>
   <div class='ocr_carea' id='block_1_7' title="bbox 209 2702 1334 3004">
    <p class='ocr_par' dir='ltr' id='par_1_7' title="bbox 209 2702 1334 3004">
     <span class='ocr_line' id='line_1_17' title="bbox 209 2702 1334 2793; baseline 0.006 -25"><span class='ocrx_word' id='word_1_98' title='bbox 209 2702 283 2769; x_wconf 85' lang='lat' dir='ltr'><strong><em>Aul.</em></strong></span> <span class='ocrx_word' id='word_1_99' title='bbox 310 2705 385 2769; x_wconf 79' lang='lat'><strong><em>740.</em></strong></span> <span class='ocrx_word' id='word_1_100' title='bbox 422 2704 489 2770; x_wconf 80' lang='lat' dir='ltr'><strong><em>Gur</em></strong></span> <span class='ocrx_word' id='word_1_101' title='bbox 511 2705 547 2769; x_wconf 90' lang='lat' dir='ltr'><strong><em>id</em></strong></span> <span class='ocrx_word' id='word_1_102' title='bbox 569 2704 678 2768; x_wconf 82' lang='lat' dir='ltr'><strong><em>cusu’s</em></strong></span> <span class='ocrx_word' id='word_1_103' title='bbox 699 2705 814 2787; x_wconf 81' lang='lat' dir='ltr'><strong><em>facere,</em></strong></span> <span class='ocrx_word' id='word_1_104' title='bbox 840 2713 875 2770; x_wconf 94' lang='lat' dir='ltr'><strong><em>ut</em></strong></span> <span class='ocrx_word' id='word_1_105' title='bbox 898 2707 932 2770; x_wconf 92' lang='lat' dir='ltr'><strong><em>id</em></strong></span> <span class='ocrx_word' id='word_1_106' title='bbox 954 2708 1036 2793; x_wconf 87' lang='lat' dir='ltr'><strong><em>quod</em></strong></span> <span class='ocrx_word' id='word_1_107' title='bbox 1059 2729 1120 2771; x_wconf 89' lang='lat' dir='ltr'><strong><em>nou</em></strong></span> <span class='ocrx_word' id='word_1_108' title='bbox 1144 2717 1230 2774; x_wconf 90' lang='lat' dir='ltr'><strong><em>tuom</em></strong></span> <span class='ocrx_word' id='word_1_109' title='bbox 1260 2720 1334 2776; x_wconf 88' lang='lat' dir='ltr'><strong><em>esset</em></strong></span> 
     </span>
     <span class='ocr_line' id='line_1_18' title="bbox 529 2812 692 2896; baseline 0 -22"><span class='ocrx_word' id='word_1_110' title='bbox 529 2812 692 2896; x_wconf 82' lang='lat' dir='ltr'><strong><em>tanperes?</em></strong></span> 
     </span>
     <span class='ocr_line' id='line_1_19' title="bbox 628 2916 922 3004; baseline 0.007 -23"><span class='ocrx_word' id='word_1_111' title='bbox 628 2916 732 3002; x_wconf 68' lang='lat' dir='ltr'><strong><em>[esses</em></strong></span> <span class='ocrx_word' id='word_1_112' title='bbox 758 2941 838 2985; x_wconf 85' lang='lat' dir='ltr'><strong><em>corr.</em></strong></span> <span class='ocrx_word' id='word_1_113' title='bbox 862 2916 922 3004; x_wconf 74' lang='grc' dir='ltr'><strong><em>ΒἿ</em></strong></span> 
     </span>
    </p>
   </div>
   <div class='ocr_carea' id='block_1_8' title="bbox 207 3042 1222 3228">
    <p class='ocr_par' dir='ltr' id='par_1_8' title="bbox 207 3042 1222 3228">
     <span class='ocr_line' id='line_1_20' title="bbox 207 3042 1222 3130; baseline 0.006 -24"><span class='ocrx_word' id='word_1_114' title='bbox 207 3042 307 3108; x_wconf 88' lang='lat' dir='ltr'><strong><em>Mero.</em></strong></span> <span class='ocrx_word' id='word_1_115' title='bbox 320 3043 394 3106; x_wconf 84' lang='lat'><strong><em>622.</em></strong></span> <span class='ocrx_word' id='word_1_116' title='bbox 420 3045 497 3129; x_wconf 85' lang='lat' dir='ltr'><strong><em>quin</em></strong></span> <span class='ocrx_word' id='word_1_117' title='bbox 515 3044 736 3126; x_wconf 88' lang='lat' dir='ltr'><strong><em>percontatu&#39;s,</em></strong></span> <span class='ocrx_word' id='word_1_118' title='bbox 761 3043 894 3108; x_wconf 86' lang='lat' dir='ltr'><strong><em>laminis</em></strong></span> <span class='ocrx_word' id='word_1_119' title='bbox 917 3067 996 3130; x_wconf 80' lang='lat' dir='ltr'><strong><em>puae</em></strong></span> <span class='ocrx_word' id='word_1_120' title='bbox 1017 3045 1116 3126; x_wconf 84' lang='lat' dir='ltr'><strong><em>facies</em></strong></span> <span class='ocrx_word' id='word_1_121' title='bbox 1138 3047 1222 3128; x_wconf 83' lang='lat' dir='ltr'><strong><em>foret</em></strong></span> 
     </span>
     <span class='ocr_line' id='line_1_21' title="bbox 421 3149 881 3228; baseline 0 -14"><span class='ocrx_word' id='word_1_122' title='bbox 421 3149 496 3228; x_wconf 80' lang='lat' dir='ltr'><strong><em>Qui</em></strong></span> <span class='ocrx_word' id='word_1_123' title='bbox 518 3151 607 3213; x_wconf 87' lang='lat' dir='ltr'><strong><em>illam</em></strong></span> <span class='ocrx_word' id='word_1_124' title='bbox 631 3153 790 3215; x_wconf 83' lang='lat' dir='ltr'><strong><em>emisset</em></strong></span> <span class='ocrx_word' id='word_1_125' title='bbox 815 3152 881 3214; x_wconf 67' lang='grc' dir='ltr'><strong><em>-ἒ</em></strong></span> 
     </span>
    </p>
   </div>
   <div class='ocr_carea' id='block_1_9' title="bbox 206 3281 1328 3480">
    <p class='ocr_par' dir='ltr' id='par_1_9' title="bbox 206 3281 1328 3480">
     <span class='ocr_line' id='line_1_22' title="bbox 313 3281 1328 3368; baseline 0.008 -22"><span class='ocrx_word' id='word_1_126' title='bbox 313 3281 350 3347; x_wconf 91' lang='lat' dir='ltr'><strong><em>In</em></strong></span> <span class='ocrx_word' id='word_1_127' title='bbox 374 3283 471 3347; x_wconf 89' lang='lat' dir='ltr'><strong><em>Poen.</em></strong></span> <span class='ocrx_word' id='word_1_128' title='bbox 497 3284 556 3347; x_wconf 79' lang='lat'><strong><em>561</em></strong></span> <span class='ocrx_word' id='word_1_129' title='bbox 585 3285 708 3348; x_wconf 79' lang='lat' dir='ltr'><strong><em>incerte</em></strong></span> <span class='ocrx_word' id='word_1_130' title='bbox 725 3290 773 3348; x_wconf 84' lang='lat' dir='ltr'><strong><em>est</em></strong></span> <span class='ocrx_word' id='word_1_131' title='bbox 787 3286 877 3350; x_wconf 87' lang='lat' dir='ltr'><strong><em>verbi</em></strong></span> <span class='ocrx_word' id='word_1_132' title='bbox 894 3287 1032 3368; x_wconf 87' lang='lat' dir='ltr'><strong><em>species:</em></strong></span> <span class='ocrx_word' id='word_1_133' title='bbox 1056 3287 1212 3353; x_wconf 88' lang='lat' dir='ltr'><strong><em>detulerit.</em></strong></span> <span class='ocrx_word' id='word_1_134' title='bbox 1250 3289 1328 3354; x_wconf 79' lang='lat' dir='ltr'><strong><em>Cum</em></strong></span> 
     </span>
     <span class='ocr_line' id='line_1_23' title="bbox 206 3390 1327 3480; baseline 0.006 -27"><span class='ocrx_word' id='word_1_135' title='bbox 206 3390 295 3454; x_wconf 84' lang='lat' dir='ltr'><strong><em>libris</em></strong></span> <span class='ocrx_word' id='word_1_136' title='bbox 319 3391 490 3476; x_wconf 84' lang='lat' dir='ltr'><strong><em>legendum</em></strong></span> <span class='ocrx_word' id='word_1_137' title='bbox 515 3395 564 3454; x_wconf 88' lang='lat' dir='ltr'><strong><em>est</em></strong></span> <span class='ocrx_word' id='word_1_138' title='bbox 586 3392 738 3470; x_wconf 83' lang='lat' dir='ltr'><strong><em>adnantes,</em></strong></span> <span class='ocrx_word' id='word_1_139' title='bbox 764 3413 827 3455; x_wconf 90' lang='lat' dir='ltr'><strong><em>non</em></strong></span> <span class='ocrx_word' id='word_1_140' title='bbox 851 3393 993 3457; x_wconf 82' lang='lat' dir='ltr'><strong><em>advenies</em></strong></span> <span class='ocrx_word' id='word_1_141' title='bbox 1017 3397 1073 3457; x_wconf 86' lang='lat' dir='ltr'><strong><em>aut</em></strong></span> <span class='ocrx_word' id='word_1_142' title='bbox 1089 3393 1327 3480; x_wconf 79' lang='lat' dir='ltr'><strong><em>adoeut&lt;ar&gt;es</em></strong></span> 
     </span>
    </p>
   </div>
   <div class='ocr_carea' id='block_1_10' title="bbox 205 3576 1327 3770">
    <p class='ocr_par' dir='ltr' id='par_1_10' title="bbox 205 3576 1327 3770">
     <span class='ocr_line' id='line_1_24' title="bbox 312 3576 1327 3665; baseline 0.008 -25"><span class='ocrx_word' id='word_1_143' title='bbox 312 3576 348 3640; x_wconf 92' lang='grc' dir='ltr'><strong><em>Β.</em></strong></span> <span class='ocrx_word' id='word_1_144' title='bbox 395 3581 598 3642; x_wconf 83' lang='lat' dir='ltr'><strong><em>Indicativus</em></strong></span> <span class='ocrx_word' id='word_1_145' title='bbox 633 3582 681 3642; x_wconf 85' lang='lat' dir='ltr'><strong><em>est</em></strong></span> <span class='ocrx_word' id='word_1_146' title='bbox 715 3580 746 3642; x_wconf 92' lang='lat' dir='ltr'><strong><em>in</em></strong></span> <span class='ocrx_word' id='word_1_147' title='bbox 783 3580 974 3663; x_wconf 81' lang='lat' dir='ltr'><strong><em>explicativa</em></strong></span> <span class='ocrx_word' id='word_1_148' title='bbox 1008 3585 1100 3657; x_wconf 71' lang='lat' dir='ltr'><strong><em>sent„</em></strong></span> <span class='ocrx_word' id='word_1_149' title='bbox 1133 3603 1216 3665; x_wconf 81' lang='lat' dir='ltr'><strong><em>quoe</em></strong></span> <span class='ocrx_word' id='word_1_150' title='bbox 1241 3606 1259 3647; x_wconf 87' lang='lat' dir='ltr'><strong>a</strong></span> <span class='ocrx_word' id='word_1_151' title='bbox 1284 3584 1327 3648; x_wconf 90' lang='lat' dir='ltr'><strong><em>lo·</em></strong></span> 
     </span>
     <span class='ocr_line' id='line_1_25' title="bbox 205 3683 1115 3770; baseline 0.007 -23"><span class='ocrx_word' id='word_1_152' title='bbox 205 3687 321 3766; x_wconf 87' lang='lat' dir='ltr'><strong><em>quente</em></strong></span> <span class='ocrx_word' id='word_1_153' title='bbox 345 3685 473 3749; x_wconf 86' lang='lat' dir='ltr'><strong><em>additur</em></strong></span> <span class='ocrx_word' id='word_1_154' title='bbox 495 3685 547 3749; x_wconf 87' lang='lat' dir='ltr'><strong><em>vel</em></strong></span> <span class='ocrx_word' id='word_1_155' title='bbox 570 3683 741 3768; x_wconf 87' lang='lat' dir='ltr'><strong><em>opponitur</em></strong></span> <span class='ocrx_word' id='word_1_156' title='bbox 764 3685 795 3750; x_wconf 91' lang='lat' dir='ltr'><strong><em>II</em></strong></span> <span class='ocrx_word' id='word_1_157' title='bbox 819 3709 972 3770; x_wconf 84' lang='lat' dir='ltr'><strong><em>personae</em></strong></span> <span class='ocrx_word' id='word_1_158' title='bbox 996 3688 1115 3754; x_wconf 86' lang='lat' dir='ltr'><strong><em>verbis.</em></strong></span> 
     </span>
    </p>
   </div>
   <div class='ocr_carea' id='block_1_11' title="bbox 205 3814 1325 4224">
    <p class='ocr_par' dir='ltr' id='par_1_11' title="bbox 205 3814 1325 4224">
     <span class='ocr_line' id='line_1_26' title="bbox 205 3814 1088 3907; baseline 0.007 -28"><span class='ocrx_word' id='word_1_159' title='bbox 205 3814 296 3900; x_wconf 81' lang='lat' dir='ltr'><strong><em>Oapt.</em></strong></span> <span class='ocrx_word' id='word_1_160' title='bbox 319 3817 392 3881; x_wconf 84' lang='grc'><strong>717.</strong></span> <span class='ocrx_word' id='word_1_161' title='bbox 413 3819 613 3902; x_wconf 79' lang='lat' dir='ltr'><strong><em>postulavisti</em></strong></span> <span class='ocrx_word' id='word_1_162' title='bbox 637 3855 678 3864; x_wconf 91' lang='lat'><em>-</em></span> <span class='ocrx_word' id='word_1_163' title='bbox 703 3821 856 3884; x_wconf 81' lang='lat' dir='ltr'><strong><em>riooiciurn</em></strong></span> <span class='ocrx_word' id='word_1_164' title='bbox 1085 3901 1088 3907; x_wconf 25' lang='grc' dir='ltr'><strong><em>Ι</em></strong></span> 
     </span>
     <span class='ocr_line' id='line_1_27' title="bbox 321 3924 1137 4009; baseline 0.006 -21"><span class='ocrx_word' id='word_1_165' title='bbox 321 3925 391 3988; x_wconf 88' lang='grc'><strong><em>-9,</em></strong></span> <span class='ocrx_word' id='word_1_166' title='bbox 419 3924 461 3989; x_wconf 78' lang='lat' dir='ltr'><strong><em>Te</em></strong></span> <span class='ocrx_word' id='word_1_167' title='bbox 481 3926 653 4009; x_wconf 77' lang='lat' dir='ltr'><strong><em>perdocere,</em></strong></span> <span class='ocrx_word' id='word_1_168' title='bbox 678 3935 712 3990; x_wconf 90' lang='lat' dir='ltr'><strong><em>ut</em></strong></span> <span class='ocrx_word' id='word_1_169' title='bbox 736 3928 846 3991; x_wconf 89' lang='lat' dir='ltr'><strong><em>melius</em></strong></span> <span class='ocrx_word' id='word_1_170' title='bbox 869 3930 1058 3993; x_wconf 83' lang='lat' dir='ltr'><strong><em>consulerem</em></strong></span> <span class='ocrx_word' id='word_1_171' title='bbox 1082 3929 1137 3993; x_wconf 84' lang='lat' dir='ltr'><strong><em>tili</em></strong></span> 
     </span>
     <span class='ocr_line' id='line_1_28' title="bbox 344 4031 1325 4120; baseline 0.003 -21"><span class='ocrx_word' id='word_1_172' title='bbox 344 4095 346 4099; x_wconf 86' lang='grc'><em>,</em></span> <span class='ocrx_word' id='word_1_173' title='bbox 418 4031 520 4111; x_wconf 80' lang='lat' dir='ltr'><strong><em>Quom</em></strong></span> <span class='ocrx_word' id='word_1_174' title='bbox 558 4034 628 4096; x_wconf 88' lang='lat' dir='ltr'><strong><em>illi</em></strong></span> <span class='ocrx_word' id='word_1_175' title='bbox 666 4036 822 4119; x_wconf 84' lang='lat' dir='ltr'><strong><em>quicum</em></strong></span> <span class='ocrx_word' id='word_1_176' title='bbox 857 4057 923 4098; x_wconf 90' lang='lat' dir='ltr'><strong><em>una</em></strong></span> <span class='ocrx_word' id='word_1_177' title='bbox 958 4032 1018 4119; x_wconf 69' lang='lat' dir='ltr'><strong><em>(a)</em></strong></span> <span class='ocrx_word' id='word_1_178' title='bbox 1060 4057 1156 4120; x_wconf 86' lang='lat' dir='ltr'><strong><em>puero</em></strong></span> <span class='ocrx_word' id='word_1_179' title='bbox 1197 4045 1325 4102; x_wconf 87' lang='lat' dir='ltr'><strong><em>aetatem</em></strong></span> 
     </span>
     <span class='ocr_line' id='line_1_29' title="bbox 523 4142 753 4224; baseline 0.009 -22"><span class='ocrx_word' id='word_1_180' title='bbox 523 4142 753 4224; x_wconf 81' lang='lat' dir='ltr'><strong><em>acceperam?</em></strong></span> 
     </span>
    </p>
   </div>
   <div class='ocr_carea' id='block_1_12' title="bbox 0 0 1542 5190">
    <p class='ocr_par' dir='ltr' id='par_1_12' title="bbox 0 0 1542 5190">
     <span class='ocr_line' id='line_1_30' title="bbox 0 0 1542 5190; baseline 0 3"><span class='ocrx_word' id='word_1_181' title='bbox 0 0 1542 5190; x_wconf 95' lang='lat' dir='ltr'><strong><em> </em></strong></span> 
     </span>
    </p>
   </div>
  </div>
 </body>
</html>
