3076 5190
672 560 866 630 -137-

209 740 269 830 Ep.
295 744 370 810 588.
425 743 498 807 Νο0
532 750 653 827 patrem
689 763 740 826 epo
775 749 803 804 10
837 743 1000 821 nominem,
1030 740 1151 803 ubila
1176 747 1262 803 tuam
1286 755 1332 803 me

534 849 713 934 appelles
735 847 863 930 filiam?

545 954 696 1040 [appelles
719 976 758 1018 ex
782 955 923 1039 appellas
947 951 990 1038 B]

210 1067 294 1132 Men.
321 1067 396 1130 559.
426 1065 531 1150 Epona
553 1064 604 1127 liic
626 1084 674 1126 me
695 1065 805 1146 potiar
828 1062 845 1100 *
869 1064 901 1125 in
926 1063 1138 1142 matrimonio,

429 1173 497 1235 llbi
531 1173 581 1234 oir
614 1169 804 1253 compilet
839 1168 1016 1232 clanculum
1051 1170 1198 1253 quicquid
1220 1170 1332 1232 domist

424 1283 525 1364 Atque
547 1299 583 1342 ea
607 1278 650 1340 ael
673 1279 806 1340 amicam
829 1276 1017 1357 (10100019

315 1390 388 1471 post
410 1408 520 1471 quom:

211 1494 327 1560 Bacch.
341 1495 446 1558 1192·.
472 1493 560 1575 11000
584 1512 689 1576 qaam
714 1491 788 1556 laec
811 1511 880 1554 eain
904 1491 958 1554 illo
982 1492 1129 1555 accubet
1145 1493 1334 1575 inspectam?

627 1596 799 1681 [accumbet
821 1597 913 1680 libri]

208 1708 301 1773 Most.
323 1707 398 1772 896.
426 1706 496 1770 Tibi
518 1706 727 1789 obtemperem,
752 1726 861 1790 qaam
885 1713 919 1768 la
942 1706 1021 1768 railei
1044 1706 1242 1790 nequeas?

636 1814 717 1897 [aeq'
741 1834 793 1875 eas
815 1812 905 1889 libri]

315 1945 442 2011 Incerto
465 1946 560 2009 lectio
584 1949 632 2009 ost
655 1945 687 2008 in

209 2079 280 2146 600.
306 2080 381 2145 618.
422 2079 490 2143 Aut
524 2080 601 2164 qaid
632 2100 685 2161 epa
713 2099 863 2162 amquam
886 2100 960 2163 erpa
991 2079 1134 2142 Venerem
1159 2080 1264 2164 inique
1285 2080 1331 2162 fe·

528 2187 632 2261 cerim,

425 2293 506 2373 Quoi
528 2296 573 2355 sic
596 2300 639 2355 101
655 2295 776 2355 ornanti
792 2292 911 2355 cloiam
927 2290 972 2354 mi
995 2295 1182 2356 00001001
1206 2296 1334 2358 morae?

209 2398 291 2484 [618
326 2401 408 2485 quael
441 2400 526 2479 libri,
562 2421 642 2463 corr.
678 2397 864 2476 Gronovius3
890 2399 954 2462 619
994 2399 1040 2462 0ἰο
1077 2401 1185 2478 ceteri,
1223 2401 1249 2464 Α
1287 2405 1331 2464 sia

581 2508 746 2569 amanli-
771 2504 961 2588 00001001]

209 2638 266 2704 Nil
301 2640 435 2703 interest
470 2642 576 2703 utrum
612 2641 754 2703 eveniant
789 2662 828 2703 00
865 2648 936 2702 -001
964 2640 1118 2724 legamus.
1177 2641 1262 2720 Quid
1293 2683 1325 2690 -

207 2745 361 2827 fecerim?
393 2745 533 2810 ciusdem
570 2746 698 2831 generis
733 2747 942 2829 interrogatio
978 2750 1073 2830 atoue
1106 2747 1225 2831 Amph.
1256 2749 1328 2813 748.

216 2853 275 2917 Ubi
297 2874 350 2938 epo
373 2853 572 2917 audiverim?
593 2853 644 2916 vel
667 2851 761 2917 Truc.
788 2853 861 2917 295.
888 2851 974 2931 Quid
995 2861 1039 2916 est
1061 2856 1143 2939 quad
1165 2854 1248 2919 cobis
1260 2878 1330 2940 pes-

207 2980 315 3024 sumae
348 2959 422 3025 leaeo
447 2959 684 3042 malefecerint?
729 2959 859 3023 Frustra
884 2959 949 3024 Leo
984 2960 1022 3024 de
1059 2962 1328 3026 constructionum

209 3067 430 3131 commixtione
466 3066 608 3151 loquitur
642 3071 675 3130 01
709 3066 762 3131 Ps.
799 3067 863 3130 562
899 3089 946 3150 sq.
972 3067 1105 3145 confert,
1142 3069 1197 3152 qui
1221 3091 1330 3134 vorsus

209 3196 271 3237 000
306 3171 427 3237 similes
461 3177 544 3237 sunt.
593 3172 739 3237 Fortasse
774 3174 856 3258 quad
890 3175 1021 3237 retineri
1045 3178 1160 3258 potest.
1208 3174 1248 3238 V.
1274 3175 1329 3239 As.

209 3281 263 3354 52,
299 3278 377 3343 (list.
408 3279 483 3354 707,
518 3278 601 3343 llud.
629 3279 713 3344 1355
749 3277 857 3359 (Truc.
882 3280 957 3358 383,
991 3279 1060 3345 Mil.
1086 3281 1150 3346 893
1175 3279 1230 3366 [8,
1255 3284 1331 3368 quid

208 3384 309 3471 OD])‚
334 3386 388 3449 nbi
413 3386 440 3449 si
463 3386 554 3450 libris
578 3386 736 3450 credimus
760 3388 913 3472 estquod
936 3410 994 3471 pro
1018 3389 1104 3472 quid.

315 3518 455 3584 Poriecli
479 3520 699 3585 coniunctivus
723 3520 756 3584 in
780 3520 923 3585 relativis
947 3527 1028 3586 sont.

208 3626 269 3711 Ep.
294 3625 369 3690 574.
420 3625 529 3712 Epona
563 3627 702 3691 osculum
727 3627 799 3690 huic
828 3627 1052 3711 domitillam·
1076 3650 1147 3709 non,
1171 3651 1271 3713 qaae
1294 3651 1331 3692 ecc

528 3742 557 3797 10
578 3742 656 3798 mata
678 3733 744 3798 sit?

297 3835 432 3922 [notarit
456 3840 625 3918 Α,001001
649 3838 712 3920 ΒΖ,
744 3847 821 3904 nata
844 3849 887 3904 est
909 3840 969 3905 Jr.
994 3863 1075 3905 corr.
1101 3839 1238 3926 Aldina]

207 3944 277 4009 Mil.
301 3946 397 4011 1276.
422 3944 515 4031 Epope
538 3947 581 4010 ad
603 3947 693 4011 illam
716 3968 783 4010 eam
807 3968 905 4031 quae
928 3956 1027 4031 nupto
1050 3949 1129 4011 sit?

207 4050 259 4116 Ps.
284 4053 337 4116 96.
418 4052 504 4131 Quid
525 4075 577 4138 eqo
601 4057 635 4116 ni
656 4053 758 4134 fleam

180 4154 186 4163 ’
425 4159 525 4239 Quoi
547 4181 601 4224 000
621 4168 757 4244 paratas
779 4181 926 4224 nummus
949 4164 1072 4245 arqeizti
1095 4165 1171 4224 siet

420 4265 526 4351 Neque
550 4302 590 4311 —
615 4288 683 4350 spes
705 4268 746 4330 sit
770 4266 838 4330 -ἒ
