3076 5190
679 579 855 644 ‚23-

421 755 494 820 Non
519 759 648 835 reocisse,
672 759 736 842 qai
760 759 851 820 istum
876 757 1042 840 appelles
1066 756 1250 840 Tyndarum
1265 761 1340 840 pro'

528 863 717 929 Philocrate.
764 861 1034 948 [6166116166]

367 971 425 1036 cir.
451 971 514 1036 546
538 973 567 1034 si
590 979 617 1035 tc
640 972 714 1044 odit,
738 974 793 1057 qai
816 973 911 1035 ntum
933 971 1067 1055 appelles
1089 1006 1142 1035 -.

207 1077 529 1162 1111116842.-
551 1080 739 1162 pracsertim
762 1099 838 1155 cam,
862 1099 925 1162 qna
944 1099 980 1141 cs
1000 1113 1032 1122 -
1054 1097 1267 1141 commemores
1288 1117 1321 1126 —

208 1184 275 1248 Mil.
300 1185 353 1248 31.
422 1183 473 1247 Ne
495 1184 595 1248 licrclc
617 1187 886 1269 operaepretium
909 1184 1060 1269 quidemst

420 1289 506 1353 Milri
530 1297 557 1354 te
580 1312 725 1370 narrare,
750 1299 822 1354 taos
844 1292 912 1375 qni
934 1292 1063 1353 virtutes
1085 1292 1221 1354 sciam.

312 1413 468 1480 Versibus
494 1414 649 1480 Rudentis
676 1415 840 1490 112-14,
873 1436 951 1498 quos
974 1436 1071 1498 supra
1094 1436 1126 1498 p.
1153 1414 1193 1478 18
1218 1414 1324 1491 citavi,

207 1522 361 1586 simillimi
385 1525 458 1585 sunt
480 1520 525 1595 hi,
555 1523 614 1585 nisi
639 1522 724 1606 quod
749 1521 874 1585 infinita
897 1524 966 1585 erat
990 1521 1087 1584 dictio
1109 1521 1142 1584 in
1167 1520 1230 1584 illis
1254 1521 1324 1605 (qai

208 1629 452 1713 :quicumque
476 1629 528 1692 vel
556 1629 624 1708 „ein
649 1628 775 1692 solcher
798 1628 900 1710 der‘)‚
924 1628 1016 1693 finita
1038 1628 1071 1691 in
1095 1627 1145 1692 his
1169 1627 1212 1708 (tc
1234 1629 1322 1714 qai):

209 1752 548 1818 Poen.1030.Seroon
571 1753 672 1817 hercle
695 1760 729 1816 te
751 1774 814 1816 esse
829 1760 945 1837 oportet
960 1760 988 1816 61
1004 1774 1135 1838 nequam
1151 1753 1321 1830 cimoliam,

421 1859 586 1923 Hominem
592 1862 791 1943 pereprinmn
804 1866 895 1945 atquc
904 1861 1053 1924 advenam
1065 1862 1129 1946 qui
1145 1860 1324 1924 inrideas

212 2066 217 2075 Ι
315 1984 359 2047 At
388 1985 533 2068 sequitur
555 1984 588 2048 in
612 1983 765 2068 proximis
789 1985 934 2050 versibus
957 1984 1148 2049 indicativus
1171 1984 1324 2068 perfecti:

303 2101 396 2165 1032.
423 2101 466 2163 At
488 2100 589 2164 hercle
611 2108 639 2164 tc
659 2100 813 2164 leoninam
829 2107 857 2164 et
871 2100 1094 2185 sycophantam
1109 2108 1137 2164 ct
1152 2100 1324 2181 subdolam,

421 2208 484 2286 aar
509 2207 569 2270 trac
592 2208 744 2272 advenisti
767 2228 823 2271 nos
846 2214 1015 2291 captatum.

207 2312 288 2377 Rud.
311 2313 405 2377 1146.
425 2312 507 2376 Tam
530 2314 585 2376 titi
607 2315 677 2378 deos
701 2316 798 2378 iratos
821 2335 884 2378 csse
906 2320 1030 2399 oportet,
1055 2315 1195 2400 quisquis
1218 2335 1258 2390 es,

421 2419 507 2498 Quae
533 2456 576 2465 —
600 2422 792 2504 cmnpeperis.
840 2419 910 2485 Mil.
927 2421 1002 2499 406,
1026 2419 1112 2485 Tria.
1139 2420 1279 2484 551-2.

208 2526 302 2591 Most.
313 2526 410 2590 1148.
423 2525 537 2610 Sapere
551 2528 628 2589 istac
639 2534 737 2590 aetate
748 2535 874 2611 oportet,
888 2529 953 2613 qai
968 2523 1058 2611 s<is>
1072 2530 1171 2611 capite
1182 2527 1324 2590 condida.

313 2650 416 2716 Multo
439 2650 635 2734 probabilior
659 2651 736 2714 mibi
755 2652 882 2715 videtur
896 2649 976 2714 haec
993 2651 1174 2716 coniectura
1191 2649 1323 2715 Schoel·

208 2759 257 2823 lii:
293 2758 347 2843 qni
370 2755 468 2842 s<is>,
494 2780 590 2842 quam
614 2756 806 2854 camerarii:
830 2761 884 2842 qni
911 2754 1027 2841 s<nnt>
1054 2759 1094 2822 ab
1117 2756 1269 2843 Ussingio
1293 2761 1326 2822 et

208 2866 314 2929 Leone
339 2868 477 2949 recepta.
525 2862 610 2928 Nam
634 2886 691 2947 per
714 2885 747 2927 se
772 2864 885 2943 elucet,
921 2886 1016 2947 quam
1043 2863 1138 2928 facile
1162 2864 1322 2941 librarius,

207 2974 376 3055 postquam
400 2973 476 3055 quis
499 2971 636 3055 scripsit,
661 2971 797 3034 alterum
821 2972 854 3033 is
878 2971 1017 3053 potuerit
1040 2970 1197 3035 omittere.

207 3090 251 3151 St.
276 3088 351 3152 555.
427 3086 572 3150 Videlicet
601 3106 738 3170 parcam
762 3086 852 3149 illam
874 3086 974 3169 fuisse
997 3086 1019 3168 †
1042 3106 1153 3164 senem,
1178 3088 1245 3170 qni
1268 3087 1324 3150 di-

526 3195 653 3256 aerii:

422 3299 576 3378 Quoniam
589 3299 642 3362 illc
653 3301 703 3362 illi
711 3300 949 3392 pollicetur,qai
958 3321 1026 3363 crem
1035 3299 1135 3363 cibum
1145 3300 1323 3384 poposcerit.

391 3405 404 3488 ΙΙ
427 3406 572 3469 Videlicet
608 3427 670 3470 non
700 3406 799 3487 faisse
823 3407 913 3470 illam
937 3428 1067 3491 nequam
1092 3407 1322 3486 adulescentem,

527 3515 581 3598 qai
602 3514 683 3591 ilico,

427 3620 484 3684 Ubi
507 3620 559 3682 ille
580 3622 687 3702 poscit,
724 3621 881 3704 denepooit
905 3620 982 3682 dore
1004 3640 1035 3683 se
1056 3639 1193 3703 pronam
1216 3621 1323 3685 tritici.

314 3743 417 3808 Multa
452 3744 484 3807 in
519 3743 569 3807 his
606 3746 748 3809 versibus
771 3745 894 3808 incerta
917 3747 1000 3824 sunt,
1025 3767 1097 3808 cum
1120 3766 1222 3828 neque
1246 3744 1322 3808 satis

207 3852 339 3935 liqueat,
375 3873 438 3934 qua
475 3851 598 3914 ratione
635 3851 831 3935 compleatur
864 3874 893 3916 r.
919 3852 994 3927 555,
1027 3873 1130 3935 neque
1154 3873 1231 3915 sana
1255 3872 1322 3915 esse

207 3959 354 4023 videatur
387 3959 556 4023 verborum
586 3958 753 4022 collocatio
777 3957 932 4041 impedita
955 3979 1050 4041 quam
1074 3958 1230 4041 praebent
1253 3959 1321 4021 cod.

207 4066 240 4129 in
264 4088 294 4130 v.
320 4064 394 4128 556.
441 4065 484 4129 Et
519 4065 552 4128 in
580 4088 609 4129 v.
634 4065 697 4128 557
706 4086 780 4147 ⁴pro
804 4065 947 4129 codicum
970 4084 1103 4149 nequam
1125 4085 1232 4128 omnes
1256 4064 1323 4128 fere

208 4172 346 4236 editores
369 4172 603 4237 substituerunt
626 4192 762 4256 tropicam,
788 4172 822 4234 in
846 4193 874 4236 v.
900 4172 963 4236 558
989 4194 1045 4255 pro
1069 4171 1226 4255 denepaoit
1250 4192 1324 4234 cum

209 4280 355 4348 Acidalio
378 4281 548 4366 deceperit.
575 4316 614 4324 -
640 4281 699 4344 Sed
727 4300 798 4343 cum
822 4277 975 4366 Ussingio
995 4301 1121 4344 versum
1145 4279 1209 4344 556
1234 4280 1323 4344 uncis
