3076 5190
614 562 787 630 -13-

138 735 231 803 Truc.
259 741 333 806 235.
377 739 414 805 Is
448 741 499 806 tu'o
532 751 660 807 uruntur·
694 745 780 829 uprrd
810 766 867 809 nos
889 748 944 831 qui
966 746 1067 831 quod
1088 746 1197 811 dedit
1219 746 1255 811 td

477 851 599 914 oblitust
622 853 740 916 (tritum.

137 949 207 1016 Cas.
234 954 307 1017 771.
373 960 464 1041 quusi
480 960 525 1020 uu
541 961 640 1022 sciunt
676 960 759 1022 Fore
775 960 869 1023 buius
892 962 992 1046 quod
1014 962 1251 1042 futurumst.

437 1065 510 1143 ‚das
535 1066 613 1129 doch
639 1066 819 1151 geschehen
846 1068 951 1131 uird¹‘.

136 1179 461 1267 Amph.1003.It'uru
492 1190 600 1269 fecisse
635 1193 685 1254 itte
719 1192 807 1256 bodie
842 1202 960 1277 irrueret,
995 1215 1093 1278 quae
1122 1214 1174 1276 696
1201 1193 1253 1274 fo-

479 1316 565 1359 rero
588 1297 646 1359 bio.

139 1411 207 1477 Mil.
237 1416 311 1483 254.
376 1440 449 1482 uero
473 1429 507 1483 ut
530 1443 594 1485 esse
617 1424 722 1486 eructat
745 1445 844 1508 quoe
868 1424 1132 1488 urerrtibimur.

250 1547 286 1613 In
311 1550 361 1616 bis
385 1555 468 1617 enim
493 1557 640 1620 omnibus
664 1559 818 1641 exeruplis
842 1559 918 1621 satis
943 1560 1056 1634 elucet,
1079 1581 1163 1623 eum
1188 1561 1254 1643 qui

139 1652 332 1738 loquitur
366 1662 497 1744 ipsum
534 1665 617 1728 suis
652 1667 793 1729 verbis
827 1667 1170 1731 circumscribere
1206 1667 1255 1745 id,

138 1765 241 1844 quod
280 1769 417 1831 verbis
452 1771 515 1833 vei
550 1773 783 1836 sentcntiae
818 1773 997 1837 alterius
1031 1779 1217 1856 opponat.

247 1901 279 1979 b)
315 1901 436 1966 Eadem
473 1910 521 1968 est
556 1907 720 1970 indicativi
758 1906 939 1988 explicatio,
976 1908 1120 1990 quamvis
1152 1908 1256 1970 minus
1319 1900 1323 1909 ’

140 2014 261 2090 aperta,
293 2030 363 2073 oum
395 2034 432 2075 ea
457 2014 658 2096 reperiuntur
683 2015 789 2091 verba,
814 2036 895 2097 quae
919 2015 1014 2076 etiarn
1040 2015 1182 2079 subiecto
1206 2037 1257 2077 re·

139 2117 244 2199 gentis
268 2121 444 2182 sententiae
469 2121 566 2184 tribui
591 2125 770 2203 potuerunt.

249 2240 285 2305 In
309 2247 572 2329 comparativa
595 2248 762 2322 sententia,
788 2268 869 2330 quae
894 2250 942 2309 est

141 2379 184 2438 st.
213 2378 284 2440 125.
334 2378 373 2440 [dt
408 2381 466 2442 r'itu
500 2402 577 2465 quur
601 2402 696 2465 aequo
720 2383 824 2444 ouinro
842 2383 983 2465 potietur·
1006 2381 1065 2443 sibi
1087 2383 1258 2464 acceptius

442 2509 548 2571 qurum
572 2488 660 2567 fuit,

145 2621 197 2682 vix
232 2624 333 2683 metro
368 2620 425 2684 soii
461 2621 651 2684 indicativus
689 2623 891 2704 imputandus
919 2624 976 2698 est,
1001 2622 1055 2684 sed
1079 2620 1174 2684 simul
1196 2621 1258 2704 ipsi

146 2729 385 2810 comparationi,
409 2730 460 2794 cui
484 2751 530 2793 ex.
556 2751 605 2812 gr.
629 2730 763 2792 debetur
786 2729 974 2791 indicativus
998 2729 1030 2790 in

144 2860 207 2925 Cic.
225 2860 319 2925 Tusc.
338 2859 362 2939 I,
381 2864 433 2939 24,
459 2864 500 2926 58
525 2863 616 2947 idque
639 2864 739 2925 sotum
762 2884 824 2925 esse
848 2860 906 2945 [so.
927 2861 1019 2924 Plato
1043 2859 1162 2945 putat],
1179 2863 1260 2946 quod

143 2991 261 3052 semper
285 2972 345 3033 tuto
368 2973 408 3033 sit
432 2972 539 3054 quoto
562 2979 622 3034 est.

143 3100 226 3166 Nam
252 3105 278 3167 is
303 3106 355 3187 qui
392 3104 531 3188 loquitur
566 3106 630 3168 suis
654 3105 759 3168 verbis
784 3103 932 3185 exprimit
954 3104 987 3166 id
1010 3104 1093 3185 qnod
1118 3104 1149 3165 in
1174 3124 1259 3167 com-

144 3211 307 3293 paratione
333 3216 390 3289 est,
415 3218 450 3274 ut
473 3213 505 3275 in
526 3215 635 3275 nostro
652 3234 700 3274 ex.
719 3211 824 3274 verbis
835 3213 926 3294 peius
942 3231 1035 3295 quoru
1052 3209 1110 3290 [sc.
1128 3211 1155 3271 ei
1171 3210 1259 3291 erute]

143 3320 208 3394 tuit
249 3317 424 3402 Panegyris
460 3319 692 3382 circumscribit
719 3319 877 3382 notionem
903 3318 1048 3380 udoersuc
1069 3313 1257 3397 fortuuoe1).

249 3441 458 3507 Relativae
483 3448 562 3508 sent.
588 3447 675 3508 sunt:

144 3549 259 3633 Amph.
278 3552 330 3615 49.
355 3550 561 3631 (urbitrutur)
586 3551 704 3614 Merito
727 3587 769 3594 —
794 3549 872 3612 boun
895 3571 926 3612 so
948 3549 1051 3629 forero
1074 3570 1152 3634 quoe
1171 3548 1258 3628 fucit.

143 3656 478 3739 Bacch.699.(diuit)‚
514 3661 542 3721 si
565 3666 599 3722 tu
624 3660 711 3720 illurn
736 3659 826 3719 solem
852 3657 909 3718 sibi
933 3657 1023 3719 solun
1048 3677 1110 3718 esse
1132 3656 1257 3733 dicerer,

358 3766 397 3830 So
442 3767 530 3829 illurn
572 3769 680 3829 luuuru
715 3767 835 3830 credero
876 3788 937 3828 csse
972 3774 998 3827 rt
1034 3774 1157 3844 uinctum,
1194 3769 1260 3850 qui

463 3895 569 3936 uuuo
592 3881 649 3936 est
672 3875 746 3938 dios.

143 3989 406 3997 .--——-—-—

256 4031 274 4098 ¹)
293 4032 501 4086 Coniunctivus
521 4035 568 4100 qui
588 4035 730 4101 reperitur
748 4035 778 4084 in
798 4034 991 4100 comparativa
1010 4038 1083 4085 sent.

253 4123 298 4175 Ps.
318 4123 378 4175 438.
416 4122 537 4176 Proburu
551 4126 662 4190 patrem
681 4139 734 4176 esse
753 4125 865 4190 oportet,
885 4122 931 4189 qui
948 4125 1063 4190 quotum
1081 4138 1157 4175 suoru

420 4213 487 4266 Esse
502 4213 657 4282 probiorem
677 4230 758 4280 qrrnur·
776 4213 853 4280 ipsus
870 4212 989 4281 fuerit
1001 4213 1128 4281 postulet,

147 4306 269 4357 fortasse
291 4308 405 4371 rvrcptcr
426 4304 638 4357 coniunctivum
660 4304 785 4367 rorentis
805 4303 966 4355 sentcntiae
985 4304 1132 4356 arlhibitus
1151 4307 1203 4356 est.
