3076 5190
686 542 858 607 ..76-

208 714 281 784 iuro
304 757 346 766 -
370 720 453 806 quod
474 716 653 804 ooputorim
667 749 707 774 =
720 722 875 805 ooputoro
897 743 928 805 p.
946 720 1012 801 41),
1038 720 1140 784 oeteri
1164 742 1207 784 ex
1228 719 1341 785 huius·

208 827 293 892 modi
317 829 422 893 verbis
446 828 605 912 pendent:
642 834 768 909 oportet,
793 828 887 910 decet,
911 827 993 909 to'oet,
1017 847 1154 909 emaum
1177 832 1236 905 est,
1262 825 1339 891 voto.

315 933 377 1000 Sed
401 957 449 999 ne
484 936 523 998 in
558 933 621 998 his
645 936 807 1018 quidem
831 936 965 1000 infinitis
988 935 1157 999 sententiis
1181 935 1339 1001 ooniuno·

208 1043 293 1107 tirus
316 1042 555 1106 necessario
578 1042 762 1125 requiritur.

315 1147 353 1213 In
389 1149 427 1212 iis
451 1151 557 1212 autem
590 1149 767 1225 sententiis,
797 1171 878 1232 quae
902 1150 1070 1213 adsertae
1094 1170 1145 1212 res
1170 1152 1205 1212 et
1230 1152 1337 1213 certos

207 1255 351 1322 homines
376 1255 550 1339 respiciunt
573 1255 620 1334 (in
644 1253 750 1319 Plauti
774 1277 918 1320 sermone
943 1256 1039 1319 etiam
1064 1256 1097 1318 in
1121 1255 1264 1319 infinitis
1280 1278 1336 1339 pe·
1404 1253 1407 1259 ’

209 1364 305 1428 riodis
340 1384 421 1446 quae
457 1363 508 1425 ad-
532 1383 683 1446 praesens
717 1365 842 1426 tantum
878 1367 1004 1446 tempus
1028 1362 1142 1426 referri
1174 1361 1335 1446 possunt),

207 1470 428 1534 ooniunotivus
452 1492 513 1533 non
539 1470 684 1552 provenit
707 1470 767 1533 nisi
792 1469 874 1533 aliae
898 1469 1148 1535 simultationes
1170 1470 1199 1532 ei
1218 1471 1335 1534 suffra·

208 1587 335 1662 gantur.

315 1684 367 1746 Ad
401 1683 549 1747 irrealem
584 1683 668 1746 enim
697 1683 856 1746 notionem
881 1683 1052 1767 primariae
1076 1683 1260 1746 sententiae
1284 1705 1333 1746 se·

208 1792 361 1856 eundaria
385 1790 484 1853 semel
508 1790 608 1866 (Trin.
636 1790 766 1854 ltu-6
791 1813 821 1874 p.
847 1791 898 1855 27.
925 1791 983 1854 afr.
1008 1788 1125 1855 Bacch.
1154 1791 1240 1867 196‚.
1257 1789 1334 1863 564)

208 1899 246 1962 ad
272 1899 455 1982 negativam
479 1897 578 1960 semel
601 1897 652 1960 vel
678 1897 726 1961 bis
750 1895 859 1977 (Poen.
878 1898 942 1962 276
960 1900 992 1960 et
1008 1895 1065 1963 As.
1081 1896 1146 1962 435
1164 1919 1196 1979 p.
1209 1897 1332 1971 42-3,

207 2005 256 2070 ofr
280 2005 346 2068 Mil.
361 2004 448 2080 -426,
473 2003 549 2078 554,
573 2002 654 2085 556)
681 2005 726 2066 ita
751 2004 945 2067 assimilatur
970 2004 1058 2068 utin
1084 2025 1119 2066 re
1141 2003 1256 2067 irreali
1281 2005 1334 2066 aut

140 2182 143 2187 ,
207 2113 349 2196 cogitata
371 2111 443 2194 ipsa
465 2132 590 2195 quoqne
614 2111 733 2174 versari
759 2111 914 2174 videatur.
962 2109 1155 2194 Ceteroquin
1180 2109 1333 2174 coniunc-

206 2221 291 2283 ti'vus
326 2221 375 2282 est
408 2218 442 2281 in
477 2217 620 2282 relativis
655 2217 765 2280 aliisve
790 2218 956 2281 sententiis
980 2240 1034 2282 eas
1057 2217 1204 2282 notiones
1228 2216 1333 2280 inten-

208 2328 295 2404 dens,
330 2346 409 2408 quas
445 2324 541 2388 etiam
577 2326 610 2386 in
646 2324 790 2388 absoluta
826 2325 962 2390 dictione
1000 2324 1177 2408 exprimere
1214 2327 1331 2407 potest

207 2454 400 2517 quamquam
436 2453 473 2494 eo
508 2430 634 2494 facilius
669 2432 754 2514 apud
788 2432 979 2496 infinitivum
1015 2431 1221 2495 subiunctum
1259 2451 1333 2494 con·

207 2539 366 2604 iunctivus
390 2538 643 2621 provenit‚‘quod
668 2537 822 2602 illustrior
846 2539 890 2602 ibi
915 2542 963 2602 est
986 2561 1025 2601 ea
1048 2536 1184 2601 modalis
1208 2536 1258 2600 vis
1283 2535 1333 2598 cui

208 2646 350 2710 inservit.

314 2750 379 2817 Ubi
403 2752 503 2832 igitur
526 2753 557 2815 in
583 2752 736 2836 primaria
760 2753 919 2817 sententia
943 2757 991 2816 est

316 2860 344 2922 l.
392 2855 586 2942 [personae
610 2861 741 2923 verbum
768 2881 918 2941 praesens
942 2864 998 2923 aut
1022 2858 1171 2937 futuram,

314 2969 344 3029 2.
392 2966 525 3030 verbum
560 2967 770 3050 impersonale
798 2965 951 3049 (exceptis
976 2968 1031 3040 eis,
1057 2987 1139 3049 quae
1162 2966 1329 3050 obliquam

206 3074 380 3138 orationem
405 3095 510 3136 seeum
536 3073 666 3138 habent:
693 3097 721 3137 v.
739 3074 859 3156 supra),
883 3075 929 3137 ibi
947 3075 978 3136 in
995 3073 1182 3137 secundaria
1199 3076 1330 3137 senten·

206 3182 262 3257 tia,
298 3202 379 3263 quae
415 3182 497 3263 apud
527 3180 719 3246 infinitivum
744 3183 931 3246 subiunctae
956 3181 1108 3246 orationis
1132 3184 1190 3258 est,
1226 3181 1331 3245 indi·

206 3289 367 3352 cativus
395 3288 426 3350 in
464 3286 566 3352 Plauti
602 3309 746 3352 sermone
771 3293 802 3351 et
825 3289 852 3351 si
877 3288 1041 3352 infinita
1065 3291 1114 3352 est
1136 3287 1237 3353 libere
1261 3311 1331 3354 ser-

206 3395 274 3459 vari
299 3396 415 3477 potest,
449 3394 636 3477 praesertim
661 3395 689 3457 si
713 3417 774 3457 non
799 3395 837 3457 ad
862 3394 1003 3457 futurum
1029 3397 1155 3477 tempus
1179 3395 1329 3474 refertur,

206 3506 248 3580 et,
272 3500 298 3563 si
323 3499 488 3563 definita
512 3504 560 3562 est
582 3499 616 3581 (i.
643 3522 669 3564 e.
695 3501 750 3565 ubi
774 3501 812 3564 de
844 3522 877 3563 re
902 3498 1146 3581 contemptur),
1179 3521 1331 3584 semper

206 3610 389 3680 servatur,
426 3607 486 3669 nisi
522 3607 603 3670 aliae
638 3607 778 3671 rationes
814 3608 977 3686 accedunt,
1014 3629 1096 3690 quae
1127 3608 1331 3673 oorriunctivo

207 3714 346 3779 faveant.

315 3824 344 3886 3.
392 3817 472 3881 Item
497 3823 567 3901 post
590 3817 622 3882 ΙΙ
646 3841 799 3903 personae
823 3822 955 3885 verbum
976 3822 1129 3886 iussivum
1147 3822 1179 3886 in
1196 3824 1328 3887 secund.

205 3933 285 3994 sent.
310 3925 497 3990 subiunctae
534 3926 656 4008 periodi
692 3926 883 3989 indioativus
914 3949 1009 4011 saepe
1034 3927 1202 4006 retinetur,
1227 3928 1254 3992 si
1279 3929 1330 3993 di·

205 4037 297 4101 cendi
320 4033 453 4098 verbum
477 4035 535 4110 est,
560 4054 686 4115 semper
710 4033 736 4095 si
760 4033 918 4096 sentiendi
942 4035 1074 4099 verbum
1100 4036 1157 4097 est.
