3076 5190
666 567 864 646 -176-ι

314 760 345 824 2.
391 757 834 843 Temporalissentsntia

206 865 258 931 Ps.
284 867 359 931 817,
425 864 553 931 Toritur
576 867 700 950 senapis
722 866 847 946 seelera,
870 863 1042 951 quasillis
1064 864 1125 952 qai
1149 866 1255 930 terunt

422 971 540 1038 Prius
567 993 674 1058 quam
699 974 889 1036 triverunt
912 970 995 1037 oculi
1017 980 1053 1037 ut
1076 972 1225 1037 catiliani
1246 973 1325 1055 sosii,

297 1077 464 1165 [triveront
487 1116 529 1125 -
553 1077 725 1161 extimeat
750 1078 779 1142 A
802 1077 942 1143 atilient
966 1079 993 1144 B
1016 1078 1150 1144 ailiam
1174 1078 1250 1165 OD]

206 1210 278 1253 cnm
313 1187 471 1253 iteratiris
505 1208 555 1252 ex.
591 1184 642 1251 Ps.
681 1186 832 1255 los-10
865 1189 901 1250 et
925 1184 1045 1270 Amph.
1071 1187 1210 1252 635—6
1239 1209 1328 1270 supra

207 1294 313 1360 allatis
336 1295 550 1379 comparanda
573 1296 632 1357 est.

313 1456 344 1521 3.
390 1453 596 1520 Infinitae
619 1456 720 1518 sent.
745 1453 965 1518 relativae.

313 1621 343 1664 a.
390 1597 531 1662 Perfeoti
554 1597 630 1661 ind..

314 1720 350 1787 In
376 1722 469 1787 initio
491 1720 630 1806 periodi:

207 1850 306 1917 Poen.
332 1851 385 1914 21.
422 1847 490 1912 Diu
513 1849 568 1934 qui
591 1845 676 1911 domi
699 1845 790 1910 otiosi
812 1844 1019 1926 dormiossnt,
1043 1847 1129 1910 decet

421 1957 538 2020 Animo
560 1975 657 2040 osque
679 1974 764 2018 nuno
785 1960 874 2018 stem.

314 2060 353 2129 In
377 2066 521 2127 extrema
544 2062 675 2145 periodo
699 2060 850 2126 iteratira
871 2062 945 2144 post
967 2059 1050 2124 soni.
1067 2059 1332 2146 interrogationis

207 2171 383 2236 indirectas
408 2173 443 2233 ut
466 2190 563 2252 snpra
586 2169 618 2232 in
644 2166 695 2233 Ps.
721 2169 795 2233 109:

207 2276 328 2362 Amph.
346 2277 419 2341 104.
445 2275 531 2338 Nom
556 2296 608 2360 eqo
631 2296 682 2338 oos
698 2276 816 2338 novisse
830 2274 921 2338 oredo
936 2277 999 2338 iam
1017 2280 1051 2338 ut
1067 2271 1110 2337 ait
1126 2295 1217 2339 incus
1234 2281 1330 2359 poter,

345 2385 417 2448 -6.
447 2383 649 2466 Quantasque
693 2389 816 2445 amator
857 2378 951 2464 si[e]t
995 2380 1092 2466 quod
1138 2379 1330 2466 complaci-

551 2496 667 2552 tumat
689 2489 790 2552 senei.

315 2635 346 2697 b.
394 2631 574 2696 Praesentis
598 2631 799 2697 indicativus.

208 2759 291 2823 liud.
307 2759 403 2823 1256.
420 2758 490 2821 deos
513 2778 635 2842 quaeso,
661 2764 696 2820 ut
719 2754 922 2841 quidquid
943 2753 1058 2820 inille
1081 2753 1230 2836 oidutost,

423 2862 461 2930 Si
484 2884 610 2943 auiam,
634 2862 663 2927 si
686 2870 889 2947 orymtmnnt,
913 2883 1014 2926 omae
1040 2860 1081 2925 id
1102 2869 1138 2926 ut
1160 2861 1222 2945 fiat
1243 2861 1330 2928 cinis.

315 2988 396 3054 Rern
420 3011 530 3053 veram
555 2988 635 3052 haee
658 2989 785 3052 infinita
808 2988 968 3052 sententia
991 2985 1248 3071 comprehendit,
1272 2991 1307 3052 nt

208 3096 276 3161 Mil.
303 3096 377 3161 278.
423 3095 559 3176 (Metuo)
593 3118 631 3158 ne
664 3095 764 3158 hercle
797 3093 888 3158 tods's
922 3102 1106 3181 quantum
1135 3093 1189 3158 hic
1222 3093 1332 3176 fomi-

528 3201 724 3267 lioriumst

422 3310 616 3374 Maxumum
639 3312 674 3374 in
696 3310 818 3373 molum
842 3345 881 3354 -
907 3307 1109 3374 insatiomus.

541 3414 739 3503 [quontmnst
761 3413 995 3499 familiarium]

317 3543 375 3606 His
411 3541 566 3626 exemplis
601 3563 619 3605 e
654 3541 833 3625 syntaotioa
856 3541 979 3604 ratione
1003 3539 1190 3605 defenditur
1213 3541 1333 3606 indies·

208 3651 293 3716 tirus
317 3651 350 3714 in

210 3756 260 3822 Ps.
288 3757 361 3822 169.
428 3755 488 3840 t'yo
533 3776 567 3818 eo
603 3753 640 3818 in
682 3755 857 3834 macellum,
900 3762 936 3817 ut
971 3755 1108 3838 piscium
1147 3753 1336 3841 quidquid

530 3859 653 3947 <ioasi
673 3863 774 3946 pretio
793 3860 995 3946 moestiorem.

287 3975 344 4048 [est
369 3969 404 4045 P,
428 3968 499 4032 ibiet
523 3967 649 4033 Ritsohl
673 3970 745 4032 fort.
771 3990 843 4033 oum
871 3968 896 4032 Α
943 3968 1007 4048 (etr
1030 3966 1113 4032 Rnd.
1142 3966 1260 4048 1121)]

209 4074 292 4143 Nam
316 4077 490 4141 indicativo
515 4076 546 4139 in
571 4074 622 4138 his
645 4076 824 4150 sententiis,
859 4097 942 4159 quae
967 4075 1005 4139 ad
1031 4095 1186 4158 praesens
1210 4079 1336 4159 tempus

209 4185 394 4269 respiciunt,
430 4205 470 4245 ne
505 4182 536 4244 id
572 4182 701 4266 quidem
736 4183 852 4254 obstat,
888 4182 972 4266 quod
1003 4181 1132 4265 regenti
1156 4186 1336 4247 sententiae

210 4290 394 4355 interiectus
429 4294 486 4351 est.
513 4323 555 4333 -
579 4286 806 4353 Coniunctirus
841 4287 995 4374 quidquid
1020 4287 1073 4369 ait,
1096 4308 1193 4372 quem
1219 4311 1336 4374 propo-
