3076 5190
691 547 865 612 ..27-

216 751 254 792 ea
289 729 412 792 ratione
448 726 629 806 assimilari,
670 730 705 790 ut
739 726 779 790 in
822 748 863 790 re
894 724 1042 789 irreali
1077 726 1133 788 aut
1166 726 1335 787 tantum·

217 835 322 899 modo
353 835 543 919 cogitata
566 834 636 918 ipsa
658 855 784 918 quoque
809 833 964 897 versari
987 831 1198 907 videatur,
1223 830 1269 894 ita
1292 831 1332 894 ad

214 941 394 1005 irrealem
428 941 635 1005 notionem
673 940 886 1004 infinitivi
921 962 939 1002 a
975 940 1071 1002 verbo
1094 938 1336 1022 aequorufuit?

217 1049 383 1132 pendentis
407 1047 602 1112 assimilatur
625 1048 841 1131 comparativa
865 1046 1023 1110 sententia
1046 1046 1079 1108 in

216 1162 302 1228 Tria.
331 1164 404 1228 175.
435 1164 546 1228 Utrum
569 1164 710 1226 iudicare
732 1184 780 1226 me
803 1165 830 1226 ei
853 1162 1056 1226 thensaurum
1079 1182 1206 1246 aequmu
1228 1160 1304 1242 fuit,
1335 1179 1340 1189 ·

430 1271 606 1334 Advorsum
629 1291 724 1356 quam
748 1271 813 1333 eius
836 1291 884 1333 me
906 1270 1123 1352 opsecravisset
1142 1266 1260 1351 puer?

216 1397 237 1460 i.
255 1419 281 1460 e.
307 1400 413 1460 utrum
437 1396 611 1459 indicarem
636 1396 706 1459 adv.
724 1416 820 1478 quam
844 1393 1097 1478 opsecravisset?
1120 1391 1256 1473 (meae
1281 1390 1333 1455 ioh

215 1502 281 1566 ihm
307 1503 367 1566 den
392 1501 506 1568 Sohatz
530 1503 677 1587 angeben
701 1502 858 1582 sollent‘)
883 1500 947 1565 vel:
981 1521 1112 1583 aequom
1138 1499 1209 1578 fuit,
1233 1499 1260 1562 si
1283 1500 1334 1562 in·

215 1611 368 1674 dicasseni
394 1611 464 1674 adv.
489 1631 583 1694 quam
609 1610 862 1692 opsecravisset?
909 1608 1026 1673 Confer
1049 1605 1165 1670 Bacch.
1182 1606 1254 1681 196,
1269 1605 1333 1670 564

214 1721 246 1780 et
269 1717 501 1800 comparativas
525 1718 709 1795 sententias,
734 1737 812 1801 quas
836 1716 921 1779 infra
944 1715 1077 1778 afferam
1101 1737 1133 1798 p.
1156 1715 1209 1778 42:
1234 1712 1332 1776 Poen.

214 1825 278 1890 276
303 1829 335 1888 et
358 1822 415 1890 As.
439 1825 515 1890 434.

628 2087 663 2146 Β.
710 2086 922 2146 Iudicativns.

319 2206 343 2271 Ι.
391 2204 428 2270 ln
452 2207 628 2286 sententiis,
663 2206 778 2291 quibus
805 2210 945 2271 certae
970 2229 1034 2270 res
1058 2211 1237 2286 narrantur,
1262 2207 1328 2271 sive

212 2336 293 2398 quae
329 2318 403 2378 sunt
437 2315 503 2379 sive
539 2336 621 2398 quae
656 2314 761 2378 factae
797 2318 871 2377 sunt
898 2314 965 2378 sive
989 2336 1070 2397 quae
1095 2318 1169 2377 sunt
1191 2314 1330 2396 futurae,

211 2426 385 2505 numquam
409 2422 630 2486 subiunctione
654 2421 722 2485 sola
746 2421 964 2485 coniunctivae
988 2421 1137 2486 efficitur.

319 2556 347 2619 1.
396 2554 618 2619 Relativse
642 2556 829 2632 sententiae,

318 2694 346 2736 a.
392 2693 474 2756 quae
498 2672 667 2744 adduntur,
693 2674 729 2735 ut
751 2670 894 2756 singulas
917 2693 1010 2736 voces
1029 2670 1105 2752 (non
1122 2671 1329 2752 infinitivum)

211 2777 387 2861 explicent:

210 2890 409 2958 Bacch.524.
423 2894 508 2958 Nam
533 2896 596 2958 itti
619 2902 776 2981 aequomst
799 2917 846 2959 me
868 2896 1036 2973 consulere,
1060 2895 1124 2979 qui
1147 2915 1242 2957 causa
1260 2915 1328 2958 moa

422 3001 629 3066 Mendacium
652 3004 679 3066 ei
703 3003 821 3066 dicit.

210 3104 301 3190 Capt.
326 3107 398 3172 l47.
425 3107 509 3187 Quid
546 3130 600 3172 me
639 3116 763 3193 patrem
792 3132 857 3193 par
889 3109 1021 3192 facerest
1055 3110 1149 3194 quoi
1184 3109 1236 3172 itte
1270 3114 1328 3170 est

529 3216 667 3280 unicus?

210 3316 301 3403 Gapt.
325 3321 402 3399 323,
437 3320 507 3387 (ias.
533 3323 609 3401 282,
644 3321 735 3388 Cure.
762 3324 836 3400 267,
873 3322 933 3406 Ep.
959 3324 1033 3399 262,
1058 3322 1126 3388 Mil.
1152 3321 1226 3397 724,
1252 3321 1326 3397 765,

210 3425 304 3492 Poen.
330 3425 463 3511 10331),
491 3430 586 3504 1074,
611 3428 693 3493 itud.
722 3431 905 3508 1109-10,
931 3427 977 3493 St.
1003 3430 1126 3508 69,98‚
1146 3431 1218 3509 101,
1238 3427 1325 3495 Tria.

210 3533 351 3612 141-4,
365 3535 439 3613 682,
457 3534 550 3600 Truc.
565 3535 706 3601 666-7.
724 3534 780 3600 As.
795 3537 859 3600 226
876 3541 909 3600 et
924 3536 992 3601 Mil.
1006 3536 1153 3619 4896111.
1168 3536 1326 3618 orelam).

315 3668 537 3752 Explicativae
554 3670 732 3734 sententiae
755 3670 817 3734 hae
841 3693 965 3755 quoque
990 3675 1073 3737 sunt.
1098 3694 1179 3756 quae
1204 3677 1324 3737 certum

208 3794 310 3856 genus
345 3772 510 3839 hominum
535 3775 728 3853 describunt,
753 3801 772 3840 a
795 3777 933 3861 simplici
956 3778 1115 3842 infinitivo
1139 3779 1323 3862 pendentes:

207 3895 307 3961 Persa
323 3898 398 3963 266.
423 3899 511 3963 Nam
545 3901 580 3964 iot
613 3902 737 3966 deinum
771 3903 953 3986 lepidumst:
994 3905 1150 3987 triparcos
1188 3903 1325 3967 homiues

526 4008 641 4072 oetutos
664 4010 770 4073 auidos
794 4005 935 4090 ar[i]dos

315 4179 334 4248 ¹)
360 4183 395 4234 In
423 4184 510 4236 Poen.
541 4183 662 4238 1030-3
691 4187 769 4247 modi
798 4188 945 4241 variantur
972 4188 1002 4239 in
1029 4187 1192 4249 causalibus
1211 4192 1322 4251 senten·

207 4271 263 4323 tiis.
301 4287 327 4325 v.
348 4288 375 4337 p.
394 4269 437 4332 22,
