3076 5190
671 594 869 667 -125-

206 778 291 846 [tud.
314 781 388 845 979.
427 778 548 865 Quippe
583 801 675 865 quom
710 782 860 864 extemplo
892 778 925 842 iu
950 781 1115 844 macellum
1137 780 1237 865 pisces
1256 804 1332 866 pro·

530 885 589 950 lati
613 875 693 950 'siem

423 993 523 1057 Nemo
546 1001 635 1057 emat.
669 990 807 1077 [prolati
829 991 859 1057 si
882 1001 979 1058 essent
1002 992 1122 1079 Prisc]

318 1099 351 1163 [n
378 1099 452 1164 nul.
478 1100 608 1164 see-7
635 1103 667 1163 et
690 1097 777 1163 Tria.
804 1099 868 1164 886
893 1103 964 1184 post
983 1102 1181 1186 priusquam.

317 1267 380 1332 all.
421 1269 471 1333 Ex
495 1269 658 1333 modorum
683 1269 874 1332 attractione
902 1304 940 1313 -
965 1269 1092 1352 saepius
1117 1271 1200 1353 apud
1225 1276 1333 1355 prota-

208 1378 268 1454 sin,
305 1399 377 1441 raro
412 1376 496 1459 apud
533 1375 685 1459 spodosin
720 1374 852 1458 (Amph.
877 1375 1009 1440 905—ss
1034 1398 1147 1459 praes,
1173 1377 1241 1442 Mil.
1268 1378 1330 1442 735

211 1483 352 1569 imperf.)
379 1519 417 1528 -
444 1482 662 1548 coniunctivus
689 1483 837 1565 provenit
860 1504 921 1546 non
946 1482 1047 1547 solum
1072 1484 1111 1546 in
1147 1485 1334 1548 omnibus

208 1590 437 1655 sententiis
478 1611 573 1654 vere
612 1585 838 1665 infinitis¹)
872 1589 927 1652 sed
963 1589 1059 1652 etiam
1096 1590 1254 1655 interdum
1289 1591 1329 1654 in

210 1697 419 1762 definitis.

317 1801 402 1867 Num
427 1803 524 1866 etiam
559 1802 598 1865 id
631 1801 734 1885 quod
771 1823 810 1864 re
846 1824 942 1865 vera
978 1806 1040 1865 est
1074 1806 1143 1867 aut
1177 1803 1330 1867 factum

209 1914 272 1976 est
306 1911 352 1974 ita
387 1911 427 1974 ad
462 1909 636 1991 cogitatam
672 1908 738 1972 sive
773 1908 921 1972 irrealem
956 1908 1115 1973 notionem
1140 1910 1333 1976 coniunctivi

210 2017 353 2102 regentis
377 2015 496 2080 attrahi
519 2018 633 2098 potest,
657 2014 748 2078 utin
773 2036 806 2078 re
831 2016 974 2100 cogitata
997 2016 1062 2080 sive
1087 2017 1195 2081 irreali
1211 2021 1331 2082 versari

210 2126 316 2207 ipsum
351 2123 506 2187 videntur.
560 2121 656 2187 Cuius
692 2122 891 2186 attractionis
926 2123 1082 2207 originem
1118 2127 1151 2187 et
1186 2128 1331 2188 naturane

212 2230 306 2295 facile
331 2233 380 2293 est
402 2229 594 2319 perspicere,
623 2229 650 2291 si
673 2228 753 2292 haee
778 2229 925 2313 exempla
949 2230 1182 2296 examinamus:

318 2361 560 2427 Praesentia
585 2361 812 2426 coniunctivus.

319 2468 419 2545 Quam
445 2471 540 2534 breve
564 2469 606 2532 sit
629 2469 797 2533 confinium
822 2469 907 2532 inter
930 2491 982 2533 eos
1006 2471 1232 2543 eoniunetivos,
1255 2493 1332 2556 quos

212 2576 316 2641 adhue
350 2576 568 2652 tractavimus,
612 2578 644 2640 et
688 2575 767 2639 soni.
804 2576 1023 2652 assimilatum,
1060 2577 1165 2642 eluset
1200 2599 1239 2641 ex
1274 2578 1335 2642 hoc

212 2684 373 2767 exemplo:

212 2789 298 2855 Men.
326 2790 399 2854 110.
428 2788 478 2853 Ni
499 2789 586 2852 mala
608 2825 653 2834 -
675 2787 720 2852 sis
745 2824 798 2868 —‚

432 2896 537 2976 Quod
559 2894 628 2958 uiro
652 2917 714 2959 esse
729 2894 800 2958 odio
822 2894 959 2977 uideas,
976 2903 1040 2977 tuta
1055 2894 1112 2960 titi
1127 2897 1197 2960 odio
1213 2898 1331 2975 liabens

213 3004 269 3068 ubi
293 3003 338 3067 nil
362 3002 473 3082 refert,
497 3006 603 3066 utrum
627 3003 709 3088 quod
731 3039 775 3048 —
797 3000 903 3066 uideas
918 3003 1183 3086 interpretemur:
1207 3002 1336 3089 siquod

214 3109 318 3174 uideas
357 3131 485 3189 ,πονου
519 3109 562 3173 du
596 3108 694 3173 sehen
729 3109 877 3184 wtrdest
903 3109 975 3173 dass
1006 3111 1063 3154 -“
1092 3132 1132 3173 an
1161 3132 1250 3189 ,was
1275 3111 1334 3175 wia

214 3217 256 3281 du
281 3216 392 3292 siehst‚
420 3217 479 3261 -‘

320 3319 520 3388 Universalis
543 3326 623 3385 sent.
649 3323 706 3385 rel.
732 3322 927 3386 assimilatur
950 3323 982 3386 in

215 3428 484 3512 Bacch.777.per
507 3427 608 3492 omnis
631 3429 701 3492 deos
724 3427 848 3505 adium,
874 3436 916 3506 ut,
942 3427 978 3492 ni
1000 3450 1103 3493 meum

366 3596 369 3601 ,
429 3535 569 3599 Quum
603 3543 666 3598 tam
690 3557 790 3599 amem
813 3543 905 3620 atque
927 3538 955 3598 ei
976 3536 1063 3617 taeta
1087 3539 1213 3619 cupium
1237 3558 1333 3622 quae

535 3641 572 3706 is
605 3641 713 3721 velit,

435 3747 475 3812 Ut
497 3755 552 3813 tua
575 3747 642 3812 iam
664 3747 763 3832 serpis
785 3750 888 3813 lutera
911 3749 1087 3813 tererentur
1106 3749 1210 3833 prote.

420 3851 522 3938 [καί
544 3855 632 3937 faeta
655 3853 746 3940 cupio
769 3877 976 3941 quamtamque
997 3854 1028 3919 is
1050 3853 1132 3940 vult]

216 3961 265 4026 De
289 3961 372 4026 Rnd.
400 3962 561 4027 1138-9.
610 3963 694 4041 Quid
727 3964 755 4024 si
777 3998 820 4007 -
848 3962 1010 4047 Quidquid
1041 3961 1118 4025 insit
1140 3983 1213 4025 uera
1236 3963 1338 4027 diret?

215 4092 244 4133 v.
270 4092 301 4152 p.
329 4069 402 4134 102.

325 4225 344 4294 ¹)
361 4228 447 4295 Apud
466 4198 624 4282 voluntatis
644 4228 860 4281 coniunctivum
878 4227 910 4279 in
928 4227 965 4279 iis
984 4231 1106 4293 tanturn,
1120 4244 1193 4294 quae
1207 4229 1339 4282 eiusdem,

215 4318 355 4385 temporie
374 4321 452 4370 sunt.
