3076 5190
733 612 907 676 ..54-

368 787 453 854 Nam
476 789 682 854 indicativum
717 788 862 855 adhiberi
897 790 930 854 in
957 789 1133 866 sententiis,
1157 811 1244 874 quae
1270 794 1391 875 aperte

261 895 422 980 loquentis
445 902 528 977 sunt,
552 897 606 962 rix
629 919 707 981 opus
731 902 779 961 est
802 917 1058 961 commemorare,
1083 976 1093 987 .

262 1001 344 1068 Rud.
372 1004 467 1069 1291.
496 1025 548 1089 eqo
570 1002 684 1089 quiin
707 1001 792 1068 mori
812 1002 964 1087 prehendi

496 1110 570 1175 Bete
616 1117 707 1195 atque
751 1108 856 1195 excepi
895 1108 1047 1190 unitatum,
1074 1108 1104 1173 ei
1140 1108 1219 1174 dori
1258 1109 1390 1195 neyotts

602 1216 779 1302 quiequam.

260 1323 524 1398 Mansisset.
548 1323 604 1388 Me
625 1322 711 1388 iuteo
739 1323 843 1406 faeere
865 1323 1014 1408 impetum
1035 1322 1071 1388 tn
1094 1343 1178 1387 eum
1200 1321 1277 1408 qui
1299 1331 1389 1388 etat

653 1438 745 1516 atque
766 1430 910 1496 occider.

538 1537 624 1620 (eum
647 1537 704 1623 qui
725 1544 841 1601 stot=
854 1538 936 1602 tuno
958 1560 987 1603 r.
1013 1536 1101 1620 864).

260 1644 635 1710 Bacch.1008.rantum
655 1645 814 1730 'tonitium
838 1653 865 1711 te
889 1645 970 1710 seire
992 1643 1102 1709 audivi
1125 1665 1236 1723 meum,

497 1751 607 1834 Quod
628 1773 698 1816 eum
720 1751 880 1836 percqrina'
901 1750 1021 1816 cubui
1044 1772 1139 1815 owe
1160 1748 1290 1815 muru.

364 2036 400 2102 2.
458 2034 523 2103 Ubi
569 2037 880 2122 interrogativa
927 2040 975 2101 est
1013 2037 1172 2102 sententia
1209 2034 1382 2120 primaria,

133 2178 140 2187 ·
258 2165 377 2229 magna
400 2148 554 2229 exparte
577 2144 804 2228 interrogantis
828 2145 996 2209 arbitrium
1020 2149 1078 2224 est,
1086 2146 1201 2236 'utrum
1216 2142 1284 2206 suis
1303 2164 1380 2207 ver-

259 2251 307 2316 bis
331 2251 378 2316 uti
401 2251 480 2316 velit
503 2274 543 2316 an
567 2253 635 2316 eius
658 2273 751 2335 quem
776 2252 959 2335 compellet:
991 2255 1098 2316 utmm
1122 2272 1161 2315 ex
1184 2270 1243 2314 sua
1266 2252 1379 2313 mente

257 2356 446 2444 interroget,
482 2381 523 2423 an
558 2359 597 2424 ad
623 2359 762 2424 animum
787 2360 855 2423 eius
878 2381 971 2443 quem
995 2359 1174 2442 interroget
1196 2356 1380 2421 sententias

258 2464 388 2531 referat.
434 2464 502 2540 Quo
536 2466 581 2544 fit,
614 2469 650 2530 ut
673 2467 863 2532 indicativus
886 2466 1046 2530 interdum
1070 2465 1216 2530 videatur
1237 2462 1380 2527 licenter

257 2575 388 2653 restare,
423 2593 457 2636 re
492 2594 568 2638 vera
603 2576 710 2638 autem
734 2574 787 2640 rix
811 2573 904 2638 aliter
927 2576 1023 2657 atque
1047 2575 1119 2656 post
1143 2567 1196 2635 III*
1217 2591 1375 2655 personae

256 2680 356 2744 rerba
378 2682 488 2745 restet.

362 2792 408 2860 Ut
431 2795 722 2861 coniunctivus
746 2797 940 2881 obliquus
963 2796 1068 2861 estin

256 2899 349 2966 Most.
372 2902 459 2967 ew.
493 2902 573 2967 Ain
607 2902 706 2968 minis
739 2901 871 2989 triqa'nto
900 2902 1035 2968 amdam
1056 2900 1269 2985 †destinotom
1293 2898 1376 2965 Phi·

596 3009 770 3074 lotoebem?

489 3153 533 3162 -
549 3115 562 3199 ΙΙ
579 3115 641 3181 Aio
657 3116 670 3199 ΙΙ
687 3117 729 3181 Et
745 3124 958 3203 postquam
980 3116 1061 3182 eiius
1083 3114 1156 3180 bine
1176 3120 1267 3200 poter

491 3221 553 3290 Sit
575 3223 733 3308 profectus
753 3244 889 3308 pereqre,
909 3232 1089 3309 perpotasse
1111 3220 1248 3287 aasidm.
1289 3288 1298 3305 ,

254 3328 389 3394 oin?=
406 3351 539 3410 ‚verane
574 3332 648 3394 sunt
673 3350 710 3394 ea
732 3350 812 3415 quoe
834 3329 948 3395 dixisti
970 3331 1012 3411 (v.
1038 3330 1117 3413 958)
1140 3329 1229 3394 ete‘?
1274 3327 1376 3393 Tem·

254 3436 341 3520 poris
364 3436 466 3521 igitur
492 3437 648 3521 quaedam
672 3437 814 3502 confusio
837 3441 885 3502 est
908 3441 1004 3523 atoue
1027 3437 1194 3522 praeteriti
1216 3435 1374 3520 temporis

253 3542 457 3628 signifioutio.

360 3655 625 3724 Indioutivus
648 3663 755 3725 autem
778 3661 811 3725 in

254 3763 339 3830 Men.
355 3765 450 3831 1050.
468 3765 545 3830 Meo
569 3765 659 3831 bootae
681 3788 813 3853 usquam
836 3768 1010 3834 convenisse
1032 3777 1070 3851 te,
1104 3769 1220 3846 audate,
1246 3767 1373 3831 audes

594 3873 744 3955 dicere,

465 3981 680 4067 Postquam
714 3984 879 4048 oderorsum
913 3983 994 4049 miti
1027 3981 1229 4068 imperavi
1250 3989 1286 4046 ut
1309 3981 1371 4045 bue

593 4089 738 4154 uenires?

360 4211 586 4278 Menaechmus
619 4215 703 4279 enim
727 4216 886 4299 putandus
912 4221 1045 4281 estnon
1070 4216 1165 4281 verba
1188 4216 1259 4300 ipsa
1281 4213 1369 4281 Mes·

252 4317 390 4382 senionis
425 4320 554 4401 referre,
579 4322 634 4387 sed
668 4324 886 4389 tantummodo
920 4346 1083 4410 quaerere,
1108 4345 1184 4390 num
1207 4324 1368 4397 affirmare
