3076 5190
687 571 839 637 „4-

207 747 298 836 eulpa
332 755 437 816 eareat
470 750 623 836 supplicio
654 771 717 815 non
740 772 855 832 cerere,
892 751 946 816 ubi
974 773 1035 816 non
1060 756 1108 815 est
1131 751 1323 831 subiectum,

205 860 243 922 ad
280 860 364 944 quod
388 860 546 942 respicere
570 861 670 943 possit
693 860 850 923 sententia
875 861 1070 923 secundaria.
1119 857 1186 933 Quo
1209 857 1254 937 fit,
1286 863 1324 923 ut

206 967 389 1032 attractioni
414 968 539 1031 cuidam
564 969 727 1031 modorum
753 965 783 1048 (ἓ
809 968 886 1049 143)
910 967 960 1030 vel
978 967 1152 1051 analogiae,
1170 989 1264 1049 quam
1287 967 1323 1030 in

207 1075 379 1140 novissima
414 1074 551 1139 editione
576 1075 807 1139 substituerunt
819 1071 853 1154 ¹),
886 1067 1241 1138 talem'ooniunetivum
1266 1074 1323 1136 tri-

208 1183 316 1246 buent.
364 1179 426 1246 Sed
449 1182 567 1246 nemini
592 1182 685 1246 eredo
711 1182 837 1264 probari
864 1182 989 1262 poterit,
1006 1202 1068 1244 non
1093 1203 1160 1243 esse
1186 1180 1320 1244 eundem

206 1289 442 1359 coniunctivum
466 1289 499 1352 in
523 1288 573 1351 his
597 1288 717 1352 duobus
741 1311 800 1352 exe

207 1421 413 1507 Iadipnem
436 1430 488 1487 est
511 1443 579 1486 eum
602 1424 657 1506 qui
679 1423 772 1506 culpe
795 1430 899 1486 cureat
922 1423 1072 1506 supplicio
1095 1443 1156 1484 oon
1180 1442 1293 1485 carere.

206 1529 410 1614 Indipoor·
433 1552 502 1594 eum
525 1528 581 1615 qui
604 1552 628 1594 e.
653 1536 756 1593 curent
779 1551 802 1594 s.
828 1552 858 1593 a.
884 1551 908 1593 e.

314 1663 421 1747 Atque
446 1665 640 1746 reperiemus
664 1665 697 1727 in
721 1664 897 1739 sententiis,
923 1686 1004 1746 quae
1029 1663 1077 1726 his
1102 1662 1322 1746 impersonali·

208 1772 266 1834 bus
290 1772 396 1836 verbis
421 1771 666 1855 subiunguntur,
691 1793 751 1835 non
777 1771 879 1833 minus
903 1793 997 1854 quam
1022 1772 1054 1833 in
1079 1771 1133 1847 eiS,
1158 1792 1239 1853 quae
1264 1793 1282 1831 a
1306 1767 1322 1832 Ι

209 1900 363 1961 personae
387 1879 493 1943 verbis
516 1879 665 1961 pendent,
690 1878 897 1941 indicativum
921 1879 1040 1960 passim
1063 1878 1204 1942 retineri.

314 1983 349 2049 Si
381 1987 481 2071 igitur
504 1989 570 2048 tam
594 1986 668 2049 latis
692 1985 808 2048 finibus
820 1981 845 2064 ²)
875 1983 1036 2067 obliquam
1062 1985 1236 2048 orationem
1260 1983 1341 2045 eir--

211 2093 462 2170 cumscribimus‚
497 2096 533 2155 ut
567 2114 689 2156 omnem
726 2092 925 2155 subiunctam
961 2092 1135 2154 orationem
1160 2091 1323 2174 intelliga-

209 2221 289 2275 mus
325 2222 454 2263 normae
486 2221 546 2263 non
571 2202 704 2281 possunt
726 2198 833 2273 statui,
858 2220 939 2280 quae
963 2199 1002 2260 ad
1026 2221 1150 2261 omnem
1176 2198 1322 2261 coniunc-

211 2307 312 2370 tivum
338 2307 501 2389 obliquum
533 2327 633 2388 aeque
657 2305 848 2388 pertineant.
894 2302 978 2368 Nam
1004 2305 1228 2389 distinguenda
1251 2307 1325 2367 sunt

212 2436 250 2477 ea
285 2413 440 2496 exempla,
475 2413 507 2475 in
542 2413 656 2495 quibus
683 2413 861 2475 necessario
885 2413 1102 2497 eoniunetivus
1126 2411 1323 2474 adhibendus

210 2524 267 2598 est,
303 2525 336 2584 et
363 2542 409 2597 ea,
442 2520 613 2602 inquibus
638 2523 670 2582 et
692 2519 864 2582 indicativo
889 2522 921 2582 et
945 2520 1143 2582 coniunctivo
1167 2518 1243 2581 lieet
1265 2518 1322 2582 uti.

318 2653 405 2729 Quae
430 2675 549 2737 genera
573 2654 635 2717 iam
660 2652 793 2736 Mudoip
816 2655 901 2715 reete
926 2653 1122 2735 dissignavit.

321 2788 349 2850 l.
396 2785 480 2853 Nam
505 2766 700 2870 obliquam
725 2787 935 2851 orationem
960 2786 987 2848 is
1014 2786 1141 2868 quidem
1167 2788 1323 2868 proprie

212 2894 354 2978 appellat
377 2915 456 2972 eam,
476 2895 508 2957 in
525 2916 587 2977 qua
603 2896 701 2958 verba
718 2898 749 2957 et
764 2893 939 2956 sententiae
956 2893 1144 2968 referantur,
1162 2915 1243 2976 quae
1262 2916 1323 2956 non

210 3001 277 3096 eius
301 3002 365 3064 sint
388 3002 443 3084 qui
465 3001 622 3083 loquatur,
639 3002 692 3063 sed
718 3000 848 3064 alterius
872 2999 917 3079 (in
942 2999 960 3082 ᾗ
984 2995 1095 3080 403³),
1121 3001 1260 3082 itemque
1286 3001 1323 3063 de

213 3109 343 3190 obliquo
378 3108 458 3171 coni.
493 3108 525 3169 in
550 3107 568 3189 ἓ
593 3108 657 3170 368
689 3106 769 3170 haee
792 3109 889 3170 verba
913 3107 1004 3171 facit:
1043 3107 1199 3185 „Relatioe
1234 3104 1326 3169 Sitrae

211 3215 311 3278 steten
336 3217 378 3278 im
404 3214 597 3290 Coniunctie,
614 3236 701 3277 werm
726 3217 769 3276 sie
792 3213 1020 3276 Bestonrltlree'le
1043 3215 1126 3276 einer
1141 3199 1325 3295 laeserunp

208 3323 304 3402 (eines
328 3321 506 3398 (leuantem
525 3320 743 3384 Entselelusses
759 3343 789 3383 u.
807 3342 831 3382 a
849 3321 902 3400 w.)
918 3321 999 3399 sind,
1017 3321 1125 3384 welche
1141 3322 1184 3382 im
1201 3320 1324 3403 Haupt-

213 3437 296 3491 soree
331 3430 379 3491 uls
414 3430 479 3491 eine
515 3425 667 3494 fremde
701 3428 838 3490 erwe'ilmt
862 3428 934 3490 oder
957 3427 1134 3510 anqedeutel
1157 3428 1237 3490 wind
1261 3428 1326 3488 und

210 3535 329 3598 leeine
358 3534 625 3618 Vorstellunp
648 3536 813 3615 eotlulleo,
832 3535 938 3598 welche
953 3535 1008 3596 der
1024 3534 1192 3597 Redende
1215 3534 1326 3596 selbot

209 3687 474 3696 ————--—

319 3765 336 3830 ¹)
364 3766 382 3832 ξ
411 3765 470 3831 142,
498 3766 515 3817 3
543 3765 587 3818 ed.
608 3766 663 3817 VH
684 3764 753 3816 1892
775 3764 872 3816 ‹Bloss
892 3764 1051 3816 auserliche
1071 3764 1270 3830 Angleichung
1288 3781 1325 3816 an

212 3857 272 3909 Fall
293 3857 333 3920 1›‚
354 3856 403 3908 ubi
422 3855 457 3907 de
477 3869 544 3907 vere
563 3855 687 3920 obliquis
706 3854 858 3906 sententiis
877 3855 978 3919 agitur.

318 3943 338 4011 ²)
365 3945 458 3996 Etiam
487 3945 517 3995 in
544 3944 739 3997 Christianum
759 3942 888 3995 Cerellio
908 3943 978 3995 baec
999 3943 1085 4002 verba
1104 3944 1258 4009 pertinent,
1277 3943 1324 4008 qui

215 4038 244 4090 in
264 4037 337 4088 libro
356 4034 404 4099 qui
424 4033 600 4085 inscribitur:
629 4033 752 4085 Grelrislr
781 4036 886 4098 syntax
909 4034 990 4084 Lnnd
1011 4032 1078 4084 1887
1098 4032 1115 4097 ξ
1134 4031 1165 4083 81
1188 4050 1213 4098 p.
1234 4032 1267 4082 72
1286 4032 1326 4083 ita

216 4127 318 4178 definit
345 4125 401 4177 obl.
429 4140 478 4175 or.:
509 4124 621 4175 ‹Oratio
650 4123 772 4188 Obliqna
791 4131 822 4174 ar
841 4123 941 4188 hvarje
960 4122 1050 4174 bisats
1070 4138 1130 4173 sorn
1150 4127 1266 4185 utstges
1286 4121 1326 4172 st-

213 4233 274 4267 som
295 4215 457 4281 subjektets
476 4214 485 4266 i
504 4214 715 4266 hufvudsatsen
735 4213 804 4280 vilja
823 4212 892 4264 eller
911 4213 1023 4264 tanke‹.

319 4302 378 4372 ³)1.
399 4305 431 4354 N.
452 4303 568 4365 Marlrir„r
591 4304 650 4354 liat.
674 4303 862 4368 Spraelrlelne
882 4303 927 4353 lr'ir
948 4302 1070 4353 Sebulen
1093 4297 1180 4351 185ῖῆ
