3076 5190
615 604 788 680 ..35-

140 791 272 855 tendere
288 790 365 856 licet
388 792 611 857 necessario
633 793 780 875 requiri
802 814 875 857 eum
891 792 1184 871 coniunctivum,
1204 781 1259 876 qui

143 899 268 980 regenti
295 899 390 963 verbo
412 899 617 982 impersonali
642 900 805 975 debeatur,
830 900 884 963 sed
909 900 1027 984 ubique
1050 900 1258 964 indicativum

143 1004 307 1070 absolutae
333 1005 480 1070 dictionis
504 1006 599 1070 etiam
617 1006 650 1070 iu
666 1007 834 1071 subiuncta
849 1007 991 1071 oratione
1007 1028 1099 1090 posse
1115 1006 1257 1073 retineri.

248 1109 285 1176 Id
309 1112 411 1177 solum
434 1134 607 1196 agnoscere
631 1135 807 1198 possumus,
831 1114 886 1179 ubi
910 1114 1178 1179 coniunctivus
1202 1113 1258 1178 ad·

141 1217 301 1299 hibeatur,
333 1220 379 1285 ibi
414 1220 469 1283 rei
505 1221 701 1305 cogitatae
736 1221 924 1285 notionem
952 1221 1003 1284 vel
1026 1224 1062 1284 ut
1084 1221 1131 1284 ita
1154 1221 1257 1285 dicam

141 1326 442 1391 condicionalem
471 1327 535 1391 vim
560 1327 713 1391 relativae
736 1329 914 1392 sententiae
938 1328 1086 1392 disertius
1111 1327 1258 1412 exprimi,

141 1433 352 1497 indicativo
383 1433 419 1497 id
447 1435 544 1518 quod
578 1435 740 1498 sumitur
768 1434 1003 1519 simpliciter
1026 1435 1193 1501 describi
1217 1456 1258 1499 ac

141 1540 301 1604 definiri
316 1536 351 1622 ¹).

248 1646 294 1710 At
317 1647 436 1711 dixeris
460 1648 632 1727 offendere,
656 1649 740 1732 quod
763 1648 816 1713 bic
839 1648 1057 1713 coniunctivus
1073 1649 1106 1713 in
1123 1649 1169 1712 ‘eis
1186 1648 1258 1733 qui·

143 1753 212 1817 dem
239 1755 412 1818 enuntiatis
436 1755 576 1820 relativis
601 1777 659 1819 usu
682 1755 800 1832 veniat,
824 1756 996 1839 inquibus
1021 1755 1128 1840 aliqua
1151 1755 1259 1820 condi·

143 1860 275 1925 cionalis
299 1862 380 1925 ratio
403 1862 480 1925 insit
503 1861 626 1946 (qui=
640 1862 665 1925 si
690 1861 785 1945 quis),
809 1862 865 1926 sed
888 1884 952 1926 non
975 1863 1009 1926 iu
1032 1862 1110 1947 ipsis
1130 1865 1259 1927 senten·

140 1969 195 2032 tiis
231 1970 509 2034 condicionalibus.
557 1970 617 2033 Sed
641 1970 674 2033 in
698 1969 758 2033 bac
781 1991 816 2033 re
840 1991 900 2033 non
925 1973 974 2034 est
997 1970 1082 2053 quod
1105 1970 1256 2034 offendas.

139 2074 281 2140 Primum
299 2077 384 2140 enim
400 2077 433 2140 in
450 2077 495 2140 eis
511 2076 678 2140 indicativi
695 2077 778 2140 modi
791 2077 965 2141 enuntiatis
977 2076 1257 2154 condicionalibus,

140 2204 222 2264 quae
246 2183 310 2246 iam
341 2182 550 2259 laudavimus,
575 2185 754 2247 necessario
778 2184 993 2248 adhibendum
1017 2183 1115 2248 fuisse
1139 2184 1256 2248 iudica·

139 2289 241 2354 tivum
276 2290 393 2362 monui,
430 2312 501 2354 cum
537 2312 639 2374 neque
663 2290 762 2354 ullum
787 2293 871 2354 esset
893 2291 979 2354 intra
1001 2312 1076 2354 vere
1099 2290 1259 2354 infinitam

140 2396 306 2478 periodum
331 2418 433 2479 neque
455 2397 495 2460 ad
511 2397 653 2461 futurum
669 2402 795 2481 tempus
811 2397 912 2462 ullum
928 2400 1097 2481 spectaret.
1134 2397 1258 2462 Deinde

140 2504 224 2586 quod
260 2507 333 2586 post
355 2501 372 2567 I
394 2525 548 2587 personae
584 2505 682 2570 verba
712 2526 746 2567 re
769 2525 846 2568 vera
869 2504 1075 2569 indicativum
1101 2503 1200 2568 futuri
1224 2505 1258 2569 in

141 2610 412 2675 condicionalibus
435 2611 603 2674 sententiis
626 2611 833 2694 reperiemus,
858 2610 920 2674 iam
939 2631 1022 2674 nnnc
1039 2610 1142 2675 simile
1159 2611 1259 2695 quod·

143 2717 214 2780 dam
239 2717 328 2781 lubet
352 2717 503 2801 proferre.
550 2716 596 2783 Ut
620 2718 703 2781 enim
727 2718 761 2780 in
785 2717 965 2782 causalibus
989 2717 1154 2782 sententiis
1175 2717 1259 2782 indi·

143 2824 265 2888 cativus
289 2824 460 2889 adhibetur
487 2825 541 2888 ubi
566 2825 683 2889 diserte
706 2845 854 2908 expressa
878 2828 926 2888 est
948 2823 1028 2888 haec
1052 2824 1188 2889 causalis
1211 2825 1260 2889 vis

143 2931 241 3014 (quia,
277 2931 384 3015 quod),
421 2932 639 2997 coniunctivus
670 2935 776 2996 autem
800 2953 895 3015 saepe
918 2932 1009 2996 nobis
1033 2932 1180 3006 occurrit,
1205 2931 1259 2995 ubi

144 3038 253 3101 eadem
289 3039 377 3102 notio
413 3038 556 3102 relativis
591 3039 756 3103 sententiis
791 3037 875 3102 ultro
909 3038 1046 3118 additur,
1074 3038 1121 3102 ita
1143 3059 1183 3101 ne
1207 3036 1259 3101 bic

143 3145 271 3227 quidem
307 3145 421 3209 mirum
457 3150 506 3209 est
529 3144 738 3210 indicativum
761 3145 903 3225 retineri,
928 3145 982 3211 ubi
1006 3145 1083 3209 satis
1108 3165 1258 3229 expressa

145 3253 186 3313 sit
221 3252 266 3315 rei
294 3255 439 3335 sumptae
463 3253 560 3329 notio,
585 3253 818 3317 coniunctivum
843 3256 950 3318 autem
973 3251 1179 3335 frequentari,
1205 3250 1259 3316 ubi

143 3358 253 3421 eadem
278 3358 363 3423 notio
386 3358 529 3424 relativis
552 3359 718 3423 sententiis
741 3359 903 3423 tribuatur
913 3354 950 3442 ¹).

249 3551 267 3619 ¹)
294 3554 394 3619 Neque
421 3554 458 3606 ab
485 3555 539 3607 hac
567 3570 598 3607 re
626 3553 768 3606 absonum
787 3557 840 3618 est,
868 3553 944 3619 qnod
970 3552 1000 3605 in
1019 3553 1195 3606 coniunctivi
1214 3568 1260 3605 cx·

140 3642 242 3708 emplis
271 3643 450 3708 saepissime,
477 3642 509 3695 in
537 3642 687 3695 indicativi
715 3658 760 3694 ex.
789 3642 935 3694 rarissime
961 3642 1096 3708 primaria
1114 3643 1260 3695 sententia

140 3732 274 3796 negativa
293 3735 338 3784 est
356 3731 403 3784 vel
422 3731 678 3798 reprehensionem
698 3730 842 3797 exprimit.

247 3817 268 3886 ¹)
295 3820 390 3873 Facile
418 3824 463 3872 est
490 3820 631 3886 originem
659 3835 692 3872 ac
711 3835 881 3886 progressus
900 3819 987 3872 huius
1006 3820 1191 3887 coniunctivi,
1210 3821 1259 3887 qui

140 3909 217 3974 apud
235 3908 396 3963 infinitivos
415 3914 468 3973 est,
487 3909 639 3975 dispicere,
659 3910 682 3960 si
703 3909 861 3974 cogitamus
881 3908 1045 3961 absolutum
1064 3909 1148 3963 nobis
1168 3910 1259 3963 videri

139 4012 205 4049 eum
234 3997 459 4063 coniunctivum,
487 3999 535 4063 qui
563 3998 594 4049 in
617 3996 862 4050 condicionalibns
882 3997 1036 4049 sententiis
1055 4003 1108 4064 est,
1128 3998 1259 4052 subiunc-

139 4085 210 4138 tioni
239 4091 336 4138 antem
365 4087 550 4140 tribuendum
579 4101 644 4138 esse
668 4102 742 4151 eum,
762 4085 810 4151 qui
830 4086 860 4137 in
879 4086 1007 4139 relativis
1026 4090 1101 4139 sent.
1121 4086 1259 4140 condicio-

140 4174 255 4228 nalibus
274 4191 329 4226 usu
348 4175 436 4228 venit.
475 4175 531 4228 Sed
550 4176 585 4227 de
605 4176 659 4227 hac
677 4190 708 4226 re
727 4174 800 4227 alias
818 4174 921 4226 fusius.
