3076 5190
653 528 802 587 -5-

167 706 223 768 ula
256 702 390 785 seine¹)
425 703 669 786 nusapricht“,
712 703 745 765 in
781 701 798 783 ἓ
835 702 898 768 369
941 705 1017 780 ,wie
1054 705 1086 765 in
1121 703 1177 765 rel.
1214 702 1281 765 ser-

166 834 220 875 zen
256 812 334 875 arceb
371 813 403 874 in
437 811 572 873 anderen
598 808 805 872 Nebensdtzen
834 810 902 870 ·-‘.
951 806 1032 872 Item
1056 807 1180 874 Znnder
1204 806 1277 872 Lat.

166 920 340 1002 sprdkl'ara,
359 918 450 982 Lund
468 918 562 994 1891,
582 917 599 998 ἓ
619 917 680 981 170
708 914 942 1000 ,otiique-sata
962 922 1001 978 dr
1016 937 1053 979 en
1068 914 1170 979 addan
1199 918 1210 977 i
1235 923 1282 978 tu-

167 1027 206 1088 let
240 1026 397 1109 inskjuten
430 1026 533 1103 bisace,
558 1024 678 1086 dritten
702 1026 731 1106 ej
752 1022 945 1103 framstdltcs
968 1044 1032 1086 som
1055 1023 1115 1086 dea
1139 1022 1281 1086 calenda

167 1152 248 1213 epeia,
274 1140 348 1196 utun
373 1153 655 1196 remenuranda
677 1151 805 1214 persons
825 1129 1077 1213 fdreatdllninq“.

273 1276 303 1337 2.
351 1274 496 1338 Alterum
521 1277 569 1336 est
603 1273 794 1339 coniunctivi
818 1294 919 1356 genus
943 1272 984 1350 id,
1010 1272 1092 1356 quod
1117 1273 1150 1335 in
1173 1271 1191 1354 ἓ
1215 1272 1280 1338 369

167 1382 298 1464 Madvig
333 1382 484 1446 describit
507 1381 557 1445 his
580 1381 699 1445 verbis:
739 1379 893 1459 ,Desbalb
916 1380 992 1443 steht
1016 1379 1071 1442 der
1095 1378 1279 1444 Coniuncta>

167 1491 201 1551 tn
235 1490 317 1552 (allen
352 1491 498 1552 relatives
533 1489 606 1551 oder
640 1488 738 1551 flaret
773 1485 1019 1552 Coniunctionea
1046 1485 1279 1569 unqetndpften

169 1570 385 1675 Nebensd'tzen,
420 1596 528 1658 welche
562 1593 763 1677 binznpefr'tpt
798 1594 918 1657 werden
953 1612 1007 1657 nm
1039 1594 1122 1655 eine
1156 1592 1282 1655 durch

168 1705 278 1765 adrian
319 1678 517 1782 infinitis
555 1701 849 1785 ‹raspedrdelrte
902 1699 1168 1783 Vorsteltunp
1213 1699 1285 1761 oder

168 1812 253 1872 einen
278 1812 321 1871 im
347 1808 528 1873 &nictantia
550 1808 624 1871 oder
647 1810 718 1871 Ace.
744 1829 767 1870 c.
793 1807 852 1887 inf.
877 1807 1040 1870 stebenden
1062 1805 1138 1869 Sata
1160 1827 1207 1868 aa
1231 1827 1283 1868 er·

166 1923 319 1999 pdnzen,
355 1915 422 1978 und
443 1916 534 1978 (deren
560 1915 666 1978 Induit
689 1936 746 1977 eon
769 1915 838 1977 (dnn
863 1913 1025 1977 Rnterrden
1049 1913 1136 1976 nicht
1159 1912 1283 1993 cinfacd

169 2024 216 2085 uls
240 2023 389 2100 wirdlich,
417 2023 551 2085 condere
576 2044 637 2084 rtur
661 2023 708 2084 ais
733 2019 951 2085 Bestnndtdeil
975 2021 1030 2083 der
1055 2022 1097 2082 im
1122 2018 1186 2099 Inf.
1211 2019 1284 2082 oder·

170 2129 255 2192 Ocni.
280 2129 486 2211 urcpefh‘c'brten
517 2129 710 2212 Vorstclinnp
733 2135 895 2211 auspesapt
917 2127 999 2191 wird
1028 2126 1168 2206 (oratio
1191 2125 1280 2189 obii-

168 2257 249 2320 qua,
274 2236 425 2298 indirelrte
448 2235 562 2311 Rede)“
577 2232 613 2316 ²).

276 2359 354 2423 Cum
378 2363 484 2423 autem
508 2360 725 2423 coniunctivus
749 2359 803 2422 ille
828 2380 901 2422 vere
926 2358 1073 2440 obliquus
1090 2359 1123 2420 in
1139 2357 1284 2421 omnibus

170 2467 333 2530 sententiis
368 2467 572 2544 secundariis,
597 2467 712 2549 quibus
747 2466 852 2529 aliena
887 2467 985 2529 verba
1018 2469 1073 2527 aut
1108 2465 1284 2527 sententiae

170 2575 358 2652 referuntur,
373 2596 472 2656 aeque
497 2574 674 2637 necessaria
698 2574 887 2656 requiratur,
912 2573 978 2635 sive
1005 2593 1096 2635 veras
1119 2572 1185 2635 sive
1202 2572 1285 2652 cogi·

170 2685 253 2744 tatas
284 2703 334 2745 res
370 2682 560 2764 exprimunt,
597 2680 647 2744 hic
681 2680 910 2754 coniunctivuS,
945 2679 1013 2762 qui
1049 2678 1285 2743 infinitivis

170 2789 447 2870 subiungitur,
484 2789 510 2850 si
542 2810 603 2850 non
633 2789 671 2850 ad
701 2788 797 2850 alium
821 2787 880 2848 nisi
906 2787 946 2849 ad
971 2808 1042 2849 eum
1066 2786 1119 2867 qui
1144 2785 1286 2868 loquitur

170 2895 300 2978 respicit
323 2896 355 2958 in
379 2895 473 2958 rebus
497 2896 592 2958 certis
616 2896 761 2977 verisque
786 2916 846 2958 non
871 2894 1103 2976 frequentatur,
1129 2891 1185 2954 sed
1214 2893 1280 2955 uni-

171 3000 339 3065 versalium
364 3002 413 3064 vel
432 3002 627 3064 infinitarum
653 3006 701 3064 est
724 3001 963 3064 sententiarum.
1012 2999 1166 3064 Attamen
1190 3021 1229 3062 ne
1253 3000 1285 3063 in

171 3109 219 3172 bis
233 3109 359 3191 quidem
377 3130 510 3190 semper,
523 3109 606 3190 quod
619 3108 700 3172 falso
715 3109 828 3172 statuit
840 3108 984 3192 Madvig:
1006 3109 1058 3185 ,in
1071 3108 1153 3169 alten
1166 3105 1287 3169 Nebna-

171 3219 306 3293 sdtzen“,
333 3216 471 3298 itemque
497 3215 630 3279 thner
654 3216 671 3297 ἓ
698 3217 770 3289 182,
796 3215 826 3277 4.
856 3216 906 3294 ,in
934 3214 1017 3277 allen
1042 3211 1281 3277 Nebenstttaen‘

172 3328 231 3386 etc.
279 3321 377 3385 Recte
410 3323 493 3385 enim
518 3320 643 3385 Zander
665 3322 685 3386 l.
711 3323 730 3385 l.
757 3322 775 3403 ς
804 3322 865 3386 169
888 3343 1010 3403 saepe
1034 3321 1079 3383 ait
1102 3319 1186 3383 hunc
1210 3341 1285 3383 con·

171 3429 345 3494 iunctivum
369 3450 427 3492 usu
451 3430 570 3492 venire.

281 3695 299 3760 1)
319 3695 443 3764 jetzipe
461 3697 566 3748 addere
594 3697 701 3761 debuit,
730 3711 766 3748 ne
795 3697 820 3747 ei
849 3711 921 3762 opus
950 3698 1027 3746 esset
1050 3695 1080 3745 in
1100 3694 1286 3745 annotatione

173 3786 257 3838 huius
277 3785 294 3851 ἓ
312 3785 364 3838 368
383 3787 454 3838 haec
473 3786 618 3851 excipere:
641 3787 713 3837 ‹Dcr
731 3786 771 3836 im
791 3786 968 3850 Hauptsatne
986 3784 1133 3836 erwahnte
1147 3782 1286 3834 Gedanke

172 3876 250 3927 kann
270 3875 335 3926 dem
355 3875 544 3927 Redenden
565 3875 679 3927 selbst
697 3875 870 3940 angehdren,
885 3889 969 3925 wenn
988 3888 1018 3924 er
1031 3871 1073 3924 als
1087 3873 1134 3923 ein
1149 3871 1287 3923 Gedanke

172 3965 341 4017 bezeichnet
359 3964 438 4028 vird,
458 3964 513 4015 den
533 3980 564 4015 er
583 3981 621 4015 zu
641 3964 741 4015 einer
760 3964 917 4015 anderen
937 3962 1014 4013 Zeit
1033 3961 1139 4026 gehabt
1158 3961 1233 4012 hat».

280 4067 300 4136 ²)
329 4070 410 4122 Idem
441 4076 486 4121 est
517 4071 599 4135 coni,
630 4086 714 4135 quem
746 4069 908 4121 attractioni
945 4067 1093 4120 modorum
1124 4066 1288 4118 tribuerunt

173 4159 417 4212 Lattm-Miiller
435 4158 452 4224 ξ
472 4159 530 4211 143.
571 4159 765 4210 ‹Nebensatze
784 4158 815 4208 in
834 4158 929 4209 denen
948 4156 1029 4208 nieht
1043 4156 1107 4207 eine
1121 4154 1286 4206 bestimmte

173 4248 333 4301 Thatsache
346 4252 499 4313 ausgesagt
511 4247 595 4299 vvird»
612 4251 673 4312 etc,
687 4250 716 4298 et
728 4262 813 4312 quem
826 4244 963 4296 describit
976 4243 1097 4295 Ki'rhner
1109 4243 1140 4294 in
1153 4241 1170 4309 ξ
1184 4241 1243 4310 182,
1257 4242 1286 4295 4.
