3076 5190
668 571 868 635 -194-

316 754 388 833 post
409 770 501 830 quom
524 748 759 814 concessivum:

209 874 327 939 Bacch.
345 875 420 937 283.
444 873 557 937 Adeon
578 894 627 935 me
641 872 751 954 fussee
765 873 910 955 scripum
932 880 967 936 ut
990 873 1048 953 qui
1068 872 1121 936 iro·
1144 873 1309 950 crederem,

447 980 567 1058 Quom
589 977 637 1041 mi
656 979 764 1061 ipcom
784 999 898 1043 nomes
919 978 990 1044 circe
1011 978 1262 1044 Archidemides

447 1086 657 1150 Clamoret
685 1085 885 1166 dempturum
915 1106 989 1161 ease,
1017 1084 1130 1168 messii
1152 1086 1331 1151 medem?

318 1301 353 1364 Β.
399 1303 574 1364 Indicativi
597 1299 630 1362 in
653 1298 794 1362 definitis
816 1299 985 1362 sententiis
1002 1299 1123 1363 servati
1139 1299 1220 1363 satis
1237 1299 1333 1363 multa

208 1408 356 1491 exempla
379 1405 495 1490 protuli
520 1406 552 1468 in
568 1404 698 1488 obliquo
713 1405 917 1470 coniunctivo
930 1406 1100 1470 tractando
1116 1428 1172 1490 pp.
1190 1406 1333 1471 79-94.

209 1514 273 1581 Ubi
298 1515 382 1578 enim
405 1536 445 1577 ne
469 1512 599 1595 obliqua
622 1512 749 1595 quidem
775 1512 857 1576 ratio
879 1512 1117 1576 coniunctimm
1142 1512 1268 1593 elicuit,
1290 1513 1333 1577 ibi

209 1623 305 1687 etiam
334 1622 438 1684 minus
465 1620 624 1683 attractio.
650 1655 691 1665 —
716 1617 886 1682 Indicativi
920 1622 1028 1683 autem
1051 1619 1085 1682 in
1110 1619 1241 1683 infinita
1264 1642 1335 1684 sen·

209 1729 310 1791 tentia
348 1727 466 1790 servati
505 1724 683 1808 exemptum
718 1747 781 1789 non
820 1725 924 1789 habeo
964 1730 1093 1809 practer
1130 1726 1334 1790 condiciona-

210 1837 273 1899 lcm
300 1837 380 1896 sent.

367 1937 448 2003 itud.
473 1940 538 2003 379
586 1937 625 2002 Si
647 1937 788 2019 amabat,
811 1958 907 2019 copas
929 1937 1010 2020 quid
1024 1938 1181 2020 faceret?

210 2050 249 2112 de
272 2071 335 2132 quo
359 2046 531 2111 indicativo
555 2069 585 2110 v.
610 2067 641 2129 p.
669 2046 742 2109 122.

318 2349 461 2412 Breviter
491 2345 809 2429 comprehendamus,
839 2367 922 2429 quae
947 2346 1031 2429 apud
1056 2346 1236 2429 pendentes
1260 2368 1333 2412 con·

212 2457 367 2521 iunctivos
398 2456 436 2518 dc
467 2455 514 2517 eis
537 2454 704 2516 sententiis
728 2453 902 2528 effecimus,
927 2474 1009 2536 quae
1034 2453 1241 2516 attractionis
1264 2477 1335 2537 pro·

211 2564 300 2647 princ
324 2566 411 2627 sunt:
437 2561 579 2625 infinitas
603 2561 673 2624 dico
696 2560 882 2638 sententias,
907 2581 989 2643 quae
1014 2559 1158 2624 eiusdem
1182 2561 1334 2644 temporis

211 2673 285 2734 sunt
308 2673 403 2752 atque
426 2668 508 2731 coni.
533 2687 659 2751 regens.

317 2774 382 2841 Ubi
414 2774 539 2858 regenti
572 2773 749 2836 sententiae
783 2773 952 2837 interiecta
975 2776 1025 2836 est
1046 2773 1240 2838 secundaria
1264 2795 1335 2837 scn-

211 2883 322 2957 tentia,
346 2881 564 2945 coniunctivus
588 2901 713 2964 semper
737 2879 804 2943 fere
828 2901 887 2943 usu
911 2880 999 2943 venit
1020 2876 1104 2956 (50¹⁸
1127 2878 1226 2961 fere):
1253 2881 1334 2944 indi-

212 2989 334 3052 cativus
368 2988 460 3052 nobis
492 2987 630 3051 occurrit
657 2986 697 3051 ad
721 2986 864 3050 futurum
889 2990 1015 3069 tempus
1038 2990 1188 3068 spectans
1212 2985 1332 3070 Amph.

213 3096 277 3160 608
312 3099 385 3178 post
413 3092 479 3156 aas
502 3093 584 3172 qaod
607 3116 638 3176 p.
665 3093 740 3172 180,
764 3092 862 3156 Mero.
889 3093 974 3157 1006
1005 3096 1079 3176 post
1102 3092 1180 3156 dum
1203 3115 1235 3177 p.
1265 3095 1335 3169 1923

213 3202 252 3265 ad
276 3221 426 3283 praesens
450 3203 473 3263 t.
498 3202 660 3282 pertinens
683 3199 752 3262 Mil.
778 3200 839 3263 601
866 3203 937 3282 post
959 3198 990 3262 sa'
1013 3222 1044 3282 p.
1060 3198 1134 3275 192,
1160 3197 1250 3264 Tria.
1272 3201 1335 3264 342

211 3327 293 3387 quae
315 3304 363 3368 vis
384 3327 416 3388 p.
442 3307 515 3370 191.
564 3303 725 3370 Incertum
749 3310 797 3369 est
821 3328 871 3369 ex.
899 3305 967 3368 Mil.
993 3304 1055 3369 811
1082 3326 1177 3387 quom
1202 3341 1243 3351 -
1270 3304 1337 3388 opit

212 3413 254 3493 (B
276 3432 361 3477 nunc
383 3411 465 3494 (1911)
488 3435 519 3496 p.
547 3413 620 3476 185.

319 3517 384 3585 Ubi
414 3523 579 3602 regentem
609 3519 800 3583 sententiam
824 3518 969 3601 sequitur
992 3519 1183 3583 secundaria
1206 3522 1335 3583 senten·

212 3629 267 3705 tia,
303 3626 522 3690 coniunctivus
557 3626 633 3689 item
669 3625 778 3689 modus
812 3625 975 3709 logitimus
999 3622 1189 3701 emmo-1:
1214 3626 1337 3690 indica·

211 3735 295 3798 tirus
326 3734 366 3796 ad
397 3732 538 3796 futurum
562 3736 688 3815 tempus
712 3735 860 3816 spectans
882 3732 1054 3796 verborum
1078 3732 1256 3796 modalium
1281 3754 1338 3797 usu

213 3839 301 3904 venit
315 3839 445 3920 (futuri2
470 3837 560 3922 Gapt.
574 3840 639 3903 920
661 3837 817 3918 siquidem
837 3838 925 3915 volet,
940 3838 1038 3902 Mero.
1056 3838 1118 3902 146
1134 3858 1228 3919 quom
1245 3838 1336 3916 voles,

213 3945 298 4010 Men.
325 3947 410 4010 1044
433 3966 493 4026 quo
516 3945 602 4022 votet,
628 3946 821 4029 praesentis:
846 3943 928 4009 Rud.
955 3945 1016 4008 891
1046 3943 1135 4026 siqui
1159 3982 1199 3990 -
1220 3949 1337 4027 potest,

213 4053 281 4116 Mil.
307 4052 349 4116 83
372 4051 426 4116 ille
448 4051 505 4132 qui
523 4052 594 4129 volt,
621 4050 737 4116 Bacch.
764 4052 826 4116 348
851 4056 1004 4132 quantum
1025 4055 1134 4132 potest,
1160 4049 1250 4116 Pers.
1273 4052 1337 4116 372

214 4157 326 4239 quibus
359 4157 459 4239 licet);
495 4195 538 4203 -
566 4162 734 4241 praeterea
770 4158 802 4220 in
838 4157 1020 4221 condicione
1055 4161 1204 4222 servatur
1238 4158 1340 4223 futuri

215 4266 278 4329 ind.
303 4269 375 4348 post
397 4262 465 4328 nisi
487 4263 559 4345 quis
582 4263 672 4350 Capt.
699 4265 774 4342 792,
806 4264 996 4330 coniecturis
1025 4264 1157 4327 effectus
1181 4265 1215 4328 in
1240 4262 1339 4330 Poen.
