3076 5190
684 576 857 641 ,69-

316 751 433 819 Cetera
456 777 506 818 ex.
530 757 621 819 sunt:

210 859 327 925 Bacch.
344 861 420 926 447.
445 859 557 925 hocine
579 859 632 927 liic
649 866 745 943 paeto
762 867 865 944 polest

445 966 594 1033 Intibere
627 967 798 1049 imperium
831 969 991 1053 maculer,
1028 968 1058 1032 ei
1091 968 1182 1049 ipsus
1202 967 1332 1051 misius

551 1074 703 1156 vapulet?

209 1182 271 1245 ie.
301 1182 478 1267 „cogitarin
513 1186 629 1266 potest,
665 1181 855 1266 magistrum
890 1183 967 1266 imp.
991 1182 1149 1263 inhibere,
1185 1183 1256 1246 sii.
1282 1205 1330 1267 pr.

208 1288 378 1372 vapulet?“

209 1395 304 1460 Poen.
323 1395 397 1461 864.
425 1395 480 1460 Me
513 1415 578 1461 non
606 1395 758 1477 perdent:
791 1395 883 1460 ellum
905 1401 941 1459 ut
970 1395 1111 1476 perdent
1127 1395 1240 1479 secere
1258 1416 1329 1477 poe·

527 1523 608 1580 cem,
631 1501 786 1578 studim,

423 1609 534 1673 Meum
557 1630 646 1672 erum
667 1614 703 1674 et
721 1608 869 1691 pudent,
898 1608 952 1673 nei
974 1607 1056 1673 miti
1078 1614 1223 1674 metuam.

256 1713 319 1798 [sic
345 1716 383 1791 A,
401 1715 501 1798 perde
523 1715 647 1780 nullum
671 1712 755 1783 BD¹.
775 1715 989 1797 pessimun,
1013 1737 1052 1780 ne
1076 1723 1111 1796 B,
1135 1714 1187 1780 nei
1211 1714 1284 1800 OD]

316 1821 561 1887 condicionibus
581 1822 612 1887 si
627 1821 719 1887 velim
731 1827 763 1886 et
777 1823 815 1887 ni
830 1828 965 1887 metuam
982 1845 1044 1887 non
1061 1824 1192 1887 verbum
1208 1844 1333 1906 possum

209 1930 409 2013 astringitur,
434 1930 517 2012 quod
542 1930 685 1994 obsolute
710 1930 828 1994 dictum
854 1933 911 2002 est,
937 1930 993 1993 sed
1016 1930 1193 1994 infinitivus
1211 1928 1332 2011 facere.

210 2034 327 2099 Bacch.
345 2038 421 2101 479.
445 2035 544 2100 Nullo
583 2041 680 2116 poeto
720 2055 770 2099 ree
809 2035 967 2099 mandato
987 2052 990 2059 ·
1006 2040 1106 2117 potest
1140 2035 1211 2117 aqi
1244 2035 1335 2100 nisi

551 2141 723 2207 identidem

446 2248 570 2314 Mance
597 2248 718 2332 serat
754 2245 822 2332 (ei)
860 2248 905 2312 od
922 2247 1101 2331 pappilloc
1127 2249 1221 2313 labra
1246 2269 1267 2312 a
1290 2247 1334 2312 lo-

553 2355 619 2420 lm'e
641 2376 799 2437 nusquam
823 2354 983 2439 auferat?

393 2459 481 2548 [<ei>
507 2461 582 2526 Leo.
609 2486 636 2527 v.
661 2463 726 2526 479
751 2462 841 2527 uncis
865 2461 995 2526 inclusit
1019 2461 1147 2545 liceto]

300 2602 382 2671 Gapt.
401 2604 462 2658 309.
506 2603 644 2658 columam
662 2602 822 2670 (=vclimt

317 2693 380 2756 Qus
407 2693 455 2747 via
481 2693 565 2746 facile
584 2693 759 2747 indicativus
778 2693 932 2747 verborum
953 2692 1109 2771 modalium
1129 2707 1165 2745 ex
1187 2692 1334 2759 praeteriti

209 2783 347 2849 temporis
375 2782 586 2848 significatione
611 2783 649 2835 od
667 2782 800 2835 irreelem
820 2782 982 2849 praesentis
1001 2787 1088 2848 temp.
1109 2782 1167 2835 vim
1188 2782 1330 2847 pervenit.

209 2873 273 2924 Non
300 2871 449 2924 sufficiunt
475 2871 553 2924 enirn
581 2871 601 2924 ii
630 2888 809 2939 progressus,
833 2887 905 2937 quos
934 2870 1018 2923 nobis
1039 2871 1188 2936 proposuit
1208 2868 1334 2923 Sctmalz

211 2961 272 3013 Lat.
302 2960 382 3028 Synt.
401 2959 419 3026 ξ
437 2959 499 3026 298,
527 2977 592 3013 cum
621 2960 692 3013 hoec
718 2960 847 3012 doceret:
880 2958 956 3012 ‹Der
983 2957 1067 3012 Koni.
1090 2956 1207 3027 Imperf.
1226 2958 1337 3011 coeloter

210 3047 263 3102 neit
280 3046 446 3118 Aufyebuap
464 3047 513 3102 der
526 3048 710 3116 prliterr‘tnlm
728 3046 822 3102 Natur
840 3047 893 3101 den
911 3047 1027 3101 discolis
1045 3047 1094 3100 der
1108 3045 1336 3116 Geyemoartoer-

212 3139 278 3201 trat,
297 3154 345 3205 ²⁰9
362 3153 423 3191 nun
440 3137 509 3191 auct
527 3136 579 3190 den
597 3136 688 3192 ludit.
708 3135 825 3206 Impers.
841 3137 911 3191 noch
932 3137 998 3200 sicli,
1014 3166 1046 3173 —
1068 3135 1198 3190 zundotst
1219 3152 1274 3189 nter
1296 3135 1337 3188 bei

211 3226 263 3279 den
280 3224 383 3280 Verben
395 3225 441 3279 dee
453 3224 593 3289 dumne,
606 3224 734 3279 Mttseeas
751 3225 810 3279 und
836 3225 950 3279 Wolleos
970 3246 1029 3277 —›.
1044 3254 1075 3262 —
1098 3226 1206 3278 Verum
1219 3225 1336 3291 quidem

209 3316 264 3368 hoc
282 3319 336 3382 est,
354 3315 525 3382 temporis
544 3315 668 3381 quadam
687 3317 909 3369 attractione
928 3316 1116 3369 indicativum
1131 3314 1263 3367 irrealem
1278 3329 1337 3367 ver·

210 3405 311 3457 borum
341 3403 496 3456 modalium
523 3404 734 3457 incrementum
763 3405 875 3472 cepisse
904 3434 937 3442 -
966 3405 1048 3457 ouius
1076 3403 1257 3457 attractionis
1289 3419 1336 3455 ex-

209 3493 336 3560 emplum
366 3492 478 3546 illustre
504 3497 550 3546 est
578 3493 668 3547 Varro
688 3495 718 3546 L.
739 3495 769 3547 L.
788 3495 832 3547 IX
852 3493 869 3560 θ
888 3493 923 3547 23
941 3492 966 3546 si
984 3491 1056 3545 enim
1075 3507 1264 3560 usquequaque
1282 3507 1336 3545 non
1365 3520 1367 3526 ·

208 3584 276 3636 esset
302 3579 440 3649 anatome,
469 3583 526 3634 tum
553 3581 762 3649 sequebatur
789 3585 823 3635 ut
848 3581 879 3635 in
907 3581 995 3635 vertis
1014 3597 1117 3648 quoque
1136 3583 1282 3634 senescet.
1303 3610 1336 3616 -

208 3672 317 3724 Tamen
346 3671 371 3723 si
400 3671 564 3738 imperfecti
593 3672 809 3725 coniunctivnm
830 3687 871 3724 ex
890 3670 1076 3738 praeteriti
1096 3670 1266 3736 temporis
1286 3687 1337 3723 no·

208 3762 305 3814 tione
334 3759 503 3828 paulatim
532 3764 719 3815 attenuata
746 3761 783 3814 cd
811 3760 944 3813 irrealem
973 3759 1032 3813 vim
1058 3759 1219 3826 praesentis
1239 3774 1335 3826 perve-

209 3851 288 3903 nisse
316 3850 481 3916 statuimus,
510 3865 568 3901 non
588 3854 633 3902 cst
651 3865 702 3903 cur
721 3866 780 3902 non
800 3849 900 3909 endem
920 3849 1072 3902 vicetiam
1093 3847 1283 3901 indicativum
1303 3849 1337 3900 ir·

208 3938 315 3991 realem
335 3937 488 3992 verborum
504 3937 659 3990 modalium
676 3952 727 4004 per
740 3954 772 3990 se
783 3936 853 4006 (uon
866 3937 903 3990 od
917 3937 1092 3989 coniunctivi
1107 3936 1339 4015 similitudinem)

208 4026 356 4080 excultum
385 4041 450 4078 esse
473 4018 633 4080 credamus.
672 4027 751 4090 Quae
770 4026 844 4079 ratio
863 4030 893 4079 et
910 4026 941 4078 in
960 4025 1018 4077 illis
1037 4024 1179 4091 exemplis
1197 4024 1254 4092 (Pe.
1274 4025 1336 4091 285,

208 4115 273 4169 Cas.
292 4115 362 4182 440),
391 4128 465 4181 quae
494 4115 619 4183 laudavi,
639 4116 812 4183 perspicitur
831 4119 861 4168 et
878 4118 979 4182 aperta
997 4118 1050 4180 est,
1069 4114 1094 4165 si
1114 4114 1231 4180 cogites,
1251 4131 1338 4181 qucu-

208 4205 301 4257 tulum
321 4204 438 4258 intorsit
455 4205 532 4257 inter
551 4205 698 4271 praeteriti
718 4205 858 4271 temporis
877 4203 1056 4270 exemplum:
1086 4202 1134 4257 hoc
1152 4201 1210 4256 iem
1225 4202 1338 4271 pridem

202 4292 315 4363 factum
334 4308 389 4348 esce
408 4292 531 4361 oportuit
549 4298 579 4347 et
597 4294 775 4361 praesentis:
796 4292 844 4347 too
864 4308 938 4346 nnnc
951 4290 1064 4361 factum
1083 4306 1138 4345 ease
1156 4291 1285 4359 oportuit.
