<?xml version="1.0" encoding="UTF-8"?>
<!DOCTYPE html PUBLIC "-//W3C//DTD XHTML 1.0 Transitional//EN"
    "http://www.w3.org/TR/xhtml1/DTD/xhtml1-transitional.dtd">
<html xmlns="http://www.w3.org/1999/xhtml" xml:lang="en" lang="en">
 <head>
  <title>
</title>
<meta http-equiv="Content-Type" content="text/html;charset=utf-8" />
  <meta name='ocr-system' content='tesseract 3.04.00' />
  <meta name='ocr-capabilities' content='ocr_page ocr_carea ocr_par ocr_line ocrx_word'/>
</head>
<body>
  <div class='ocr_page' id='page_1' title='image "./deconiunctivopl00thulgoog_0013.png"; bbox 0 0 3076 5190; ppageno 0'>
   <div class='ocr_carea' id='block_1_1' title="bbox 345 661 1373 1883">
    <p class='ocr_par' dir='ltr' id='par_1_1' title="bbox 345 661 1371 1086">
     <span class='ocr_line' id='line_1_1' title="bbox 345 661 1371 730; baseline 0 -14"><span class='ocrx_word' id='word_1_1' title='bbox 345 662 382 714; x_wconf 93' lang='lat' dir='ltr'><strong>II.</strong></span> <span class='ocrx_word' id='word_1_2' title='bbox 402 661 474 716; x_wconf 86' lang='lat' dir='ltr'><strong>Ocni</strong></span> <span class='ocrx_word' id='word_1_3' title='bbox 493 678 596 730; x_wconf 87' lang='lat' dir='ltr'><strong>regens</strong></span> <span class='ocrx_word' id='word_1_4' title='bbox 616 664 722 730; x_wconf 82' lang='lat' dir='ltr'>pendet</span> <span class='ocrx_word' id='word_1_5' title='bbox 747 703 1241 717; x_wconf 87' lang='lat'>............</span> <span class='ocrx_word' id='word_1_6' title='bbox 1263 680 1289 730; x_wconf 90' lang='lat' dir='ltr'><strong>p.</strong></span> <span class='ocrx_word' id='word_1_7' title='bbox 1310 663 1371 716; x_wconf 73' lang='lat'>145.</span> 
     </span>
     <span class='ocr_line' id='line_1_2' title="bbox 405 751 1246 821; baseline 0.004 -20"><span class='ocrx_word' id='word_1_8' title='bbox 405 770 430 804; x_wconf 87' lang='grc' dir='ltr'><strong>α.</strong></span> <span class='ocrx_word' id='word_1_9' title='bbox 451 751 530 805; x_wconf 86' lang='lat' dir='ltr'><strong>Coni.</strong></span> <span class='ocrx_word' id='word_1_10' title='bbox 550 769 654 819; x_wconf 83' lang='lat' dir='ltr'><strong>regens</strong></span> <span class='ocrx_word' id='word_1_11' title='bbox 673 752 834 821; x_wconf 87' lang='lat' dir='ltr'><strong>praesentis</strong></span> <span class='ocrx_word' id='word_1_12' title='bbox 854 758 904 806; x_wconf 90' lang='lat' dir='ltr'><strong>aut</strong></span> <span class='ocrx_word' id='word_1_13' title='bbox 923 754 1043 820; x_wconf 83' lang='lat' dir='ltr'><strong>perfecti</strong></span> <span class='ocrx_word' id='word_1_14' title='bbox 1062 760 1081 805; x_wconf 89' lang='lat' dir='ltr'><strong>t.</strong></span> <span class='ocrx_word' id='word_1_15' title='bbox 1102 757 1153 805; x_wconf 92' lang='lat' dir='ltr'><strong>est.</strong></span> <span class='ocrx_word' id='word_1_16' title='bbox 1197 795 1202 804; x_wconf 96' lang='lat'>.</span> <span class='ocrx_word' id='word_1_17' title='bbox 1241 795 1246 804; x_wconf 95' lang='lat'>.</span> 
     </span>
     <span class='ocr_line' id='line_1_3' title="bbox 453 841 1247 894; baseline -0.001 -1"><span class='ocrx_word' id='word_1_18' title='bbox 453 843 485 892; x_wconf 88' lang='grc' dir='ltr'><strong>Α,</strong></span> <span class='ocrx_word' id='word_1_19' title='bbox 506 841 714 894; x_wconf 80' lang='lat' dir='ltr'><strong>Coniunctivus</strong></span> <span class='ocrx_word' id='word_1_20' title='bbox 753 882 1158 894; x_wconf 87' lang='lat'><strong>..........</strong></span> <span class='ocrx_word' id='word_1_21' title='bbox 1169 886 1171 889; x_wconf 96' lang='lat'>.</span> <span class='ocrx_word' id='word_1_22' title='bbox 1197 883 1202 893; x_wconf 89' lang='lat'>.</span> <span class='ocrx_word' id='word_1_23' title='bbox 1242 884 1247 893; x_wconf 88' lang='lat'><em>.</em></span> 
     </span>
     <span class='ocr_line' id='line_1_4' title="bbox 505 929 1248 997; baseline 0 -15"><span class='ocrx_word' id='word_1_24' title='bbox 505 929 540 996; x_wconf 64' lang='grc' dir='ltr'><strong>ἐξ</strong></span> <span class='ocrx_word' id='word_1_25' title='bbox 560 931 583 982; x_wconf 96' lang='grc'><strong>1.</strong></span> <span class='ocrx_word' id='word_1_26' title='bbox 603 931 635 982; x_wconf 91' lang='lat' dir='ltr'><strong>in</strong></span> <span class='ocrx_word' id='word_1_27' title='bbox 653 930 775 983; x_wconf 90' lang='lat' dir='ltr'><strong>infinitis</strong></span> <span class='ocrx_word' id='word_1_28' title='bbox 795 935 868 983; x_wconf 89' lang='lat' dir='ltr'><strong>sent.</strong></span> <span class='ocrx_word' id='word_1_29' title='bbox 890 931 1077 997; x_wconf 79' lang='lat' dir='ltr'><strong>secundariis,</strong></span> <span class='ocrx_word' id='word_1_30' title='bbox 1091 946 1164 996; x_wconf 89' lang='lat' dir='ltr'><strong>quae</strong></span> <span class='ocrx_word' id='word_1_31' title='bbox 1182 946 1248 984; x_wconf 87' lang='lat' dir='ltr'><strong>cum</strong></span> 
     </span>
     <span class='ocr_line' id='line_1_5' title="bbox 713 1019 1246 1086; baseline 0.004 -16"><span class='ocrx_word' id='word_1_32' title='bbox 713 1019 840 1086; x_wconf 86' lang='lat' dir='ltr'><strong>regentis</strong></span> <span class='ocrx_word' id='word_1_33' title='bbox 851 1020 1027 1072; x_wconf 87' lang='lat' dir='ltr'><strong>coniunctivi</strong></span> <span class='ocrx_word' id='word_1_34' title='bbox 1041 1024 1170 1086; x_wconf 90' lang='lat' dir='ltr'><strong>tempore</strong></span> <span class='ocrx_word' id='word_1_35' title='bbox 1183 1036 1246 1072; x_wconf 87' lang='lat' dir='ltr'><strong>con·</strong></span> 
     </span>
    </p>

    <p class='ocr_par' dir='ltr' id='par_1_2' title="bbox 505 1108 1371 1352">
     <span class='ocr_line' id='line_1_6' title="bbox 601 1108 1371 1175; baseline -0.001 -14"><span class='ocrx_word' id='word_1_36' title='bbox 601 1164 604 1170; x_wconf 74' lang='grc'>,</span> <span class='ocrx_word' id='word_1_37' title='bbox 714 1113 821 1175; x_wconf 83' lang='lat' dir='ltr'>gruunt</span> <span class='ocrx_word' id='word_1_38' title='bbox 883 1128 1290 1161; x_wconf 88' lang='lat'>..........</span> <span class='ocrx_word' id='word_1_39' title='bbox 1313 1108 1371 1162; x_wconf 79' lang='lat'>145.</span> 
     </span>
     <span class='ocr_line' id='line_1_7' title="bbox 505 1196 1248 1264; baseline 0 -15"><span class='ocrx_word' id='word_1_40' title='bbox 505 1196 540 1264; x_wconf 63' lang='grc' dir='ltr'><strong>ἐξ</strong></span> <span class='ocrx_word' id='word_1_41' title='bbox 559 1197 584 1251; x_wconf 80' lang='lat'><strong>2.</strong></span> <span class='ocrx_word' id='word_1_42' title='bbox 603 1199 634 1250; x_wconf 92' lang='lat' dir='ltr'><strong>in</strong></span> <span class='ocrx_word' id='word_1_43' title='bbox 654 1197 782 1250; x_wconf 90' lang='lat' dir='ltr'><strong>definitis</strong></span> <span class='ocrx_word' id='word_1_44' title='bbox 802 1202 874 1250; x_wconf 90' lang='lat' dir='ltr'><strong>sent.</strong></span> <span class='ocrx_word' id='word_1_45' title='bbox 895 1202 924 1250; x_wconf 89' lang='lat' dir='ltr'><strong>et</strong></span> <span class='ocrx_word' id='word_1_46' title='bbox 944 1197 1067 1250; x_wconf 87' lang='lat' dir='ltr'><strong>infinitis</strong></span> <span class='ocrx_word' id='word_1_47' title='bbox 1080 1197 1166 1250; x_wconf 91' lang='lat' dir='ltr'><strong>alieni</strong></span> <span class='ocrx_word' id='word_1_48' title='bbox 1180 1201 1248 1249; x_wconf 91' lang='lat' dir='ltr'><strong>tem-</strong></span> 
     </span>
     <span class='ocr_line' id='line_1_8' title="bbox 714 1286 1246 1352; baseline 0 -14"><span class='ocrx_word' id='word_1_49' title='bbox 714 1286 791 1352; x_wconf 87' lang='lat' dir='ltr'><strong>poris</strong></span> <span class='ocrx_word' id='word_1_50' title='bbox 811 1287 857 1339; x_wconf 89' lang='lat' dir='ltr'><strong>vel</strong></span> <span class='ocrx_word' id='word_1_51' title='bbox 877 1287 950 1339; x_wconf 87' lang='lat' dir='ltr'><strong>coni.</strong></span> <span class='ocrx_word' id='word_1_52' title='bbox 964 1287 1040 1352; x_wconf 92' lang='lat' dir='ltr'><strong>apud</strong></span> <span class='ocrx_word' id='word_1_53' title='bbox 1058 1286 1100 1338; x_wconf 88' lang='lat' dir='ltr'><strong>rei</strong></span> <span class='ocrx_word' id='word_1_54' title='bbox 1114 1290 1246 1351; x_wconf 77' lang='lat' dir='ltr'><strong>sumptae</strong></span> 
     </span>
    </p>

    <p class='ocr_par' dir='ltr' id='par_1_3' title="bbox 453 1375 1372 1619">
     <span class='ocr_line' id='line_1_9' title="bbox 715 1375 1372 1429; baseline 0 -2"><span class='ocrx_word' id='word_1_55' title='bbox 715 1375 931 1429; x_wconf 87' lang='lat' dir='ltr'><strong>coniunctivum</strong></span> <span class='ocrx_word' id='word_1_56' title='bbox 975 1395 1290 1427; x_wconf 88' lang='lat'>........</span> <span class='ocrx_word' id='word_1_57' title='bbox 1313 1375 1372 1427; x_wconf 78' lang='lat'>162.</span> 
     </span>
     <span class='ocr_line' id='line_1_10' title="bbox 453 1464 1245 1517; baseline -0.001 -1"><span class='ocrx_word' id='word_1_58' title='bbox 453 1465 484 1515; x_wconf 92' lang='lat' dir='ltr'><strong>B.</strong></span> <span class='ocrx_word' id='word_1_59' title='bbox 506 1464 696 1517; x_wconf 87' lang='lat' dir='ltr'><strong>Indicativus·</strong></span> <span class='ocrx_word' id='word_1_60' title='bbox 706 1504 1245 1516; x_wconf 89' lang='grc'>.............</span> 
     </span>
     <span class='ocr_line' id='line_1_11' title="bbox 506 1551 1249 1619; baseline 0.001 -15"><span class='ocrx_word' id='word_1_61' title='bbox 506 1551 542 1619; x_wconf 60' lang='grc' dir='ltr'><strong>ἐξ</strong></span> <span class='ocrx_word' id='word_1_62' title='bbox 562 1554 585 1605; x_wconf 92' lang='grc'><strong>1.</strong></span> <span class='ocrx_word' id='word_1_63' title='bbox 605 1553 681 1619; x_wconf 90' lang='lat' dir='ltr'><strong>apud</strong></span> <span class='ocrx_word' id='word_1_64' title='bbox 700 1553 861 1619; x_wconf 80' lang='lat' dir='ltr'><strong>simplicem</strong></span> <span class='ocrx_word' id='word_1_65' title='bbox 880 1553 953 1605; x_wconf 85' lang='lat' dir='ltr'><strong>coni.</strong></span> <span class='ocrx_word' id='word_1_66' title='bbox 974 1554 1036 1605; x_wconf 92' lang='lat' dir='ltr'><strong>sive</strong></span> <span class='ocrx_word' id='word_1_67' title='bbox 1055 1553 1173 1605; x_wconf 88' lang='lat' dir='ltr'><strong>finalem</strong></span> <span class='ocrx_word' id='word_1_68' title='bbox 1187 1554 1249 1606; x_wconf 92' lang='lat' dir='ltr'><strong>sive</strong></span> 
     </span>
    </p>

    <p class='ocr_par' dir='ltr' id='par_1_4' title="bbox 505 1642 1372 1797">
     <span class='ocr_line' id='line_1_12' title="bbox 714 1642 1372 1695; baseline 0 -1"><span class='ocrx_word' id='word_1_69' title='bbox 714 1642 929 1695; x_wconf 83' lang='lat' dir='ltr'><strong>subiunctivum</strong></span> <span class='ocrx_word' id='word_1_70' title='bbox 973 1662 1290 1695; x_wconf 84' lang='lat'>........</span> <span class='ocrx_word' id='word_1_71' title='bbox 1314 1642 1372 1695; x_wconf 80' lang='lat'>167.</span> 
     </span>
     <span class='ocr_line' id='line_1_13' title="bbox 505 1729 1249 1797; baseline 0 -15"><span class='ocrx_word' id='word_1_72' title='bbox 505 1729 541 1797; x_wconf 59' lang='grc' dir='ltr'><strong>ἐξ</strong></span> <span class='ocrx_word' id='word_1_73' title='bbox 560 1730 584 1783; x_wconf 79' lang='grc'><strong>2.</strong></span> <span class='ocrx_word' id='word_1_74' title='bbox 604 1730 653 1783; x_wconf 94' lang='lat' dir='ltr'><strong>ubi</strong></span> <span class='ocrx_word' id='word_1_75' title='bbox 672 1731 714 1783; x_wconf 91' lang='lat' dir='ltr'><strong>rei</strong></span> <span class='ocrx_word' id='word_1_76' title='bbox 733 1735 865 1797; x_wconf 83' lang='lat' dir='ltr'><strong>sumptae</strong></span> <span class='ocrx_word' id='word_1_77' title='bbox 884 1731 964 1783; x_wconf 89' lang='lat' dir='ltr'><strong>notio</strong></span> <span class='ocrx_word' id='word_1_78' title='bbox 982 1731 1094 1797; x_wconf 85' lang='lat' dir='ltr'><strong>regenti</strong></span> <span class='ocrx_word' id='word_1_79' title='bbox 1113 1731 1186 1783; x_wconf 89' lang='lat' dir='ltr'><strong>coni.</strong></span> <span class='ocrx_word' id='word_1_80' title='bbox 1204 1732 1249 1782; x_wconf 91' lang='lat' dir='ltr'><strong>ad-</strong></span> 
     </span>
    </p>

    <p class='ocr_par' dir='ltr' id='par_1_5' title="bbox 624 1819 1373 1883">
     <span class='ocr_line' id='line_1_14' title="bbox 624 1819 1373 1883; baseline 0.001 -12"><span class='ocrx_word' id='word_1_81' title='bbox 624 1880 625 1883; x_wconf 10' lang='lat'><em>*</em></span> <span class='ocrx_word' id='word_1_82' title='bbox 714 1820 814 1872; x_wconf 83' lang='lat' dir='ltr'><strong>haeret</strong></span> <span class='ocrx_word' id='word_1_83' title='bbox 885 1840 1290 1871; x_wconf 82' lang='lat'>..........</span> <span class='ocrx_word' id='word_1_84' title='bbox 1313 1819 1373 1873; x_wconf 84' lang='lat'>190.</span> 
     </span>
    </p>
   </div>
   <div class='ocr_carea' id='block_1_2' title="bbox 254 1907 1373 2063">
    <p class='ocr_par' dir='ltr' id='par_1_6' title="bbox 254 1907 1373 2063">
     <span class='ocr_line' id='line_1_15' title="bbox 410 1907 1371 1974; baseline 0 -14"><span class='ocrx_word' id='word_1_85' title='bbox 410 1907 435 1974; x_wconf 85' lang='grc' dir='ltr'><strong>β.</strong></span> <span class='ocrx_word' id='word_1_86' title='bbox 454 1909 621 1974; x_wconf 82' lang='lat' dir='ltr'><strong>Imperfecti</strong></span> <span class='ocrx_word' id='word_1_87' title='bbox 641 1909 713 1962; x_wconf 88' lang='lat' dir='ltr'><strong>coni.</strong></span> <span class='ocrx_word' id='word_1_88' title='bbox 733 1908 764 1961; x_wconf 92' lang='lat' dir='ltr'><strong>in</strong></span> <span class='ocrx_word' id='word_1_89' title='bbox 782 1909 893 1974; x_wconf 88' lang='lat' dir='ltr'><strong>regenti</strong></span> <span class='ocrx_word' id='word_1_90' title='bbox 913 1914 986 1961; x_wconf 89' lang='lat' dir='ltr'><strong>sent.</strong></span> <span class='ocrx_word' id='word_1_91' title='bbox 1006 1913 1058 1961; x_wconf 90' lang='lat' dir='ltr'><strong>est.</strong></span> <span class='ocrx_word' id='word_1_92' title='bbox 1109 1949 1114 1959; x_wconf 91' lang='lat'>.</span> <span class='ocrx_word' id='word_1_93' title='bbox 1153 1949 1158 1958; x_wconf 93' lang='lat'>.</span> <span class='ocrx_word' id='word_1_94' title='bbox 1198 1949 1203 1959; x_wconf 91' lang='lat'>.</span> <span class='ocrx_word' id='word_1_95' title='bbox 1243 1950 1248 1960; x_wconf 92' lang='lat'>.</span> <span class='ocrx_word' id='word_1_96' title='bbox 1281 1908 1371 1960; x_wconf 69' lang='lat'><strong>›193</strong></span> 
     </span>
     <span class='ocr_line' id='line_1_16' title="bbox 254 1996 1373 2063; baseline 0.001 -14"><span class='ocrx_word' id='word_1_97' title='bbox 254 1996 314 2063; x_wconf 64' lang='lat'><strong>53.</strong></span> <span class='ocrx_word' id='word_1_98' title='bbox 334 1997 391 2050; x_wconf 84' lang='lat' dir='ltr'><strong>Res</strong></span> <span class='ocrx_word' id='word_1_99' title='bbox 411 2013 541 2050; x_wconf 91' lang='lat' dir='ltr'><strong>summae</strong></span> <span class='ocrx_word' id='word_1_100' title='bbox 560 1997 590 2049; x_wconf 91' lang='lat' dir='ltr'><strong>in</strong></span> <span class='ocrx_word' id='word_1_101' title='bbox 609 1997 692 2050; x_wconf 89' lang='lat' dir='ltr'><strong>brevi</strong></span> <span class='ocrx_word' id='word_1_102' title='bbox 711 2002 867 2063; x_wconf 85' lang='lat' dir='ltr'><strong>conspectu</strong></span> <span class='ocrx_word' id='word_1_103' title='bbox 887 1997 998 2062; x_wconf 85' lang='lat' dir='ltr'><strong>positae</strong></span> <span class='ocrx_word' id='word_1_104' title='bbox 1028 2037 1033 2050; x_wconf 88' lang='lat'><em>.</em></span> <span class='ocrx_word' id='word_1_105' title='bbox 1162 2038 1167 2048; x_wconf 93' lang='lat'>.</span> <span class='ocrx_word' id='word_1_106' title='bbox 1207 2037 1212 2049; x_wconf 90' lang='lat'><strong>.</strong></span> <span class='ocrx_word' id='word_1_107' title='bbox 1281 1997 1373 2050; x_wconf 87' lang='lat'>›198.</span> 
     </span>
    </p>
   </div>
   <div class='ocr_carea' id='block_1_3' title="bbox 707 2301 920 2312">
    <p class='ocr_par' dir='ltr' id='par_1_7' title="bbox 707 2301 920 2312">
     <span class='ocr_line' id='line_1_17' title="bbox 707 2301 920 2312; baseline -0.009 -1"><span class='ocrx_word' id='word_1_108' title='bbox 707 2301 920 2312; x_wconf 75' lang='lat'><strong>.-—-—-</strong></span> 
     </span>
    </p>
   </div>
   <div class='ocr_carea' id='block_1_4' title="bbox 360 2939 1144 2994">
    <p class='ocr_par' dir='ltr' id='par_1_8' title="bbox 360 2939 1144 2994">
     <span class='ocr_line' id='line_1_18' title="bbox 360 2939 1144 2994; baseline -0.001 -3"><span class='ocrx_word' id='word_1_109' title='bbox 360 2941 394 2991; x_wconf 91' lang='lat' dir='ltr'><strong>In</strong></span> <span class='ocrx_word' id='word_1_110' title='bbox 413 2940 546 2994; x_wconf 86' lang='lat' dir='ltr'><strong>versibus</strong></span> <span class='ocrx_word' id='word_1_111' title='bbox 565 2940 723 2992; x_wconf 86' lang='lat' dir='ltr'><strong>afferendis</strong></span> <span class='ocrx_word' id='word_1_112' title='bbox 742 2940 818 2992; x_wconf 89' lang='lat' dir='ltr'><strong>hanc</strong></span> <span class='ocrx_word' id='word_1_113' title='bbox 836 2939 955 2991; x_wconf 88' lang='lat' dir='ltr'><strong>adhibui</strong></span> <span class='ocrx_word' id='word_1_114' title='bbox 975 2939 1144 2991; x_wconf 90' lang='lat' dir='ltr'><strong>editionem:</strong></span> 
     </span>
    </p>
   </div>
   <div class='ocr_carea' id='block_1_5' title="bbox 256 3044 1375 3201">
    <p class='ocr_par' dir='ltr' id='par_1_9' title="bbox 256 3044 1375 3201">
     <span class='ocr_line' id='line_1_19' title="bbox 361 3044 1375 3111; baseline 0.001 -13"><span class='ocrx_word' id='word_1_115' title='bbox 361 3047 391 3098; x_wconf 84' lang='lat' dir='ltr'><strong>T.</strong></span> <span class='ocrx_word' id='word_1_116' title='bbox 411 3047 502 3099; x_wconf 88' lang='lat' dir='ltr'><strong>Macci</strong></span> <span class='ocrx_word' id='word_1_117' title='bbox 530 3047 624 3098; x_wconf 90' lang='lat' dir='ltr'><strong>Plauti</strong></span> <span class='ocrx_word' id='word_1_118' title='bbox 653 3045 825 3099; x_wconf 72' lang='lat' dir='ltr'><strong>comoediae</strong></span> <span class='ocrx_word' id='word_1_119' title='bbox 853 3061 890 3098; x_wconf 89' lang='lat' dir='ltr'><strong>ex</strong></span> <span class='ocrx_word' id='word_1_120' title='bbox 912 3044 1081 3098; x_wconf 85' lang='lat' dir='ltr'><strong>recensione</strong></span> <span class='ocrx_word' id='word_1_121' title='bbox 1100 3044 1216 3111; x_wconf 83' lang='lat' dir='ltr'><strong>Georgii</strong></span> <span class='ocrx_word' id='word_1_122' title='bbox 1236 3046 1325 3098; x_wconf 86' lang='lat' dir='ltr'><strong>Goetz</strong></span> <span class='ocrx_word' id='word_1_123' title='bbox 1345 3052 1375 3099; x_wconf 90' lang='lat' dir='ltr'><strong>et</strong></span> 
     </span>
     <span class='ocr_line' id='line_1_20' title="bbox 256 3133 967 3201; baseline 0 -15"><span class='ocrx_word' id='word_1_124' title='bbox 256 3135 392 3189; x_wconf 88' lang='lat' dir='ltr'><strong>Friderici</strong></span> <span class='ocrx_word' id='word_1_125' title='bbox 413 3135 533 3188; x_wconf 82' lang='lat' dir='ltr'><strong>Schoell.</strong></span> <span class='ocrx_word' id='word_1_126' title='bbox 571 3135 686 3201; x_wconf 91' lang='lat' dir='ltr'><strong>Lipsiae</strong></span> <span class='ocrx_word' id='word_1_127' title='bbox 706 3134 836 3188; x_wconf 81' lang='lat'><strong>1893—6.</strong></span> <span class='ocrx_word' id='word_1_128' title='bbox 873 3133 967 3200; x_wconf 66' lang='lat' dir='ltr'><strong>(dc.)</strong></span> 
     </span>
    </p>
   </div>
   <div class='ocr_carea' id='block_1_6' title="bbox 361 3277 724 3330">
    <p class='ocr_par' dir='ltr' id='par_1_10' title="bbox 361 3277 724 3330">
     <span class='ocr_line' id='line_1_21' title="bbox 361 3277 724 3330; baseline 0 -1"><span class='ocrx_word' id='word_1_129' title='bbox 361 3277 396 3329; x_wconf 91' lang='lat' dir='ltr'><strong>In</strong></span> <span class='ocrx_word' id='word_1_130' title='bbox 415 3278 496 3329; x_wconf 91' lang='lat' dir='ltr'><strong>libris</strong></span> <span class='ocrx_word' id='word_1_131' title='bbox 515 3277 639 3330; x_wconf 89' lang='lat' dir='ltr'><strong>citandis</strong></span> <span class='ocrx_word' id='word_1_132' title='bbox 658 3277 724 3330; x_wconf 90' lang='lat' dir='ltr'><strong>has:</strong></span> 
     </span>
    </p>
   </div>
   <div class='ocr_carea' id='block_1_7' title="bbox 305 3382 1374 3455">
    <p class='ocr_par' dir='ltr' id='par_1_11' title="bbox 305 3382 1374 3455">
     <span class='ocr_line' id='line_1_22' title="bbox 305 3382 1374 3455; baseline -0.001 -19"><span class='ocrx_word' id='word_1_133' title='bbox 305 3451 307 3455; x_wconf 13' lang='lat'><strong>¹</strong></span> <span class='ocrx_word' id='word_1_134' title='bbox 362 3385 393 3437; x_wconf 87' lang='grc' dir='ltr'><strong>Τ.</strong></span> <span class='ocrx_word' id='word_1_135' title='bbox 413 3385 503 3437; x_wconf 85' lang='lat' dir='ltr'><strong>Macci</strong></span> <span class='ocrx_word' id='word_1_136' title='bbox 523 3384 617 3436; x_wconf 90' lang='lat' dir='ltr'><strong>Plauti</strong></span> <span class='ocrx_word' id='word_1_137' title='bbox 637 3382 810 3437; x_wconf 78' lang='lat' dir='ltr'><strong>Comoediae</strong></span> <span class='ocrx_word' id='word_1_138' title='bbox 828 3383 975 3436; x_wconf 87' lang='lat' dir='ltr'><strong>recensuit</strong></span> <span class='ocrx_word' id='word_1_139' title='bbox 989 3412 1020 3418; x_wconf 92' lang='lat'><em>-</em></span> <span class='ocrx_word' id='word_1_140' title='bbox 1035 3384 1079 3435; x_wconf 90' lang='lat' dir='ltr'><strong>Fr.</strong></span> <span class='ocrx_word' id='word_1_141' title='bbox 1093 3384 1269 3435; x_wconf 87' lang='lat' dir='ltr'><strong>Ritschelius</strong></span> <span class='ocrx_word' id='word_1_142' title='bbox 1289 3385 1374 3436; x_wconf 88' lang='lat' dir='ltr'><strong>sociis</strong></span> 
     </span>
    </p>
   </div>
   <div class='ocr_carea' id='block_1_8' title="bbox 255 3471 1373 3627">
    <p class='ocr_par' dir='ltr' id='par_1_12' title="bbox 255 3471 1373 3627">
     <span class='ocr_line' id='line_1_23' title="bbox 255 3471 1373 3540; baseline 0 -16"><span class='ocrx_word' id='word_1_143' title='bbox 255 3488 360 3539; x_wconf 91' lang='lat' dir='ltr'><strong>operae</strong></span> <span class='ocrx_word' id='word_1_144' title='bbox 388 3473 546 3540; x_wconf 88' lang='lat' dir='ltr'><strong>assumptis</strong></span> <span class='ocrx_word' id='word_1_145' title='bbox 565 3472 695 3525; x_wconf 80' lang='lat' dir='ltr'><strong>Gustavo</strong></span> <span class='ocrx_word' id='word_1_146' title='bbox 714 3473 816 3526; x_wconf 89' lang='lat' dir='ltr'><strong>Loewe</strong></span> <span class='ocrx_word' id='word_1_147' title='bbox 836 3472 960 3537; x_wconf 84' lang='lat' dir='ltr'><strong>Georgio</strong></span> <span class='ocrx_word' id='word_1_148' title='bbox 979 3471 1069 3524; x_wconf 80' lang='lat' dir='ltr'><strong>Goetz</strong></span> <span class='ocrx_word' id='word_1_149' title='bbox 1088 3472 1233 3525; x_wconf 85' lang='lat' dir='ltr'><strong>Friderico</strong></span> <span class='ocrx_word' id='word_1_150' title='bbox 1252 3473 1373 3525; x_wconf 84' lang='lat' dir='ltr'><strong>Schoell.</strong></span> 
     </span>
     <span class='ocr_line' id='line_1_24' title="bbox 258 3561 539 3627; baseline 0.007 -15"><span class='ocrx_word' id='word_1_151' title='bbox 258 3561 371 3627; x_wconf 87' lang='lat' dir='ltr'><strong>Lipsiae</strong></span> <span class='ocrx_word' id='word_1_152' title='bbox 391 3561 539 3614; x_wconf 86' lang='grc'>1884-94.</span> 
     </span>
    </p>
   </div>
   <div class='ocr_carea' id='block_1_9' title="bbox 257 3665 1373 3815">
    <p class='ocr_par' dir='ltr' id='par_1_13' title="bbox 257 3665 1373 3815">
     <span class='ocr_line' id='line_1_25' title="bbox 361 3665 1373 3737; baseline 0.002 -16"><span class='ocrx_word' id='word_1_153' title='bbox 361 3669 453 3722; x_wconf 83' lang='lat' dir='ltr'><strong>Plauti</strong></span> <span class='ocrx_word' id='word_1_154' title='bbox 482 3669 647 3723; x_wconf 88' lang='lat' dir='ltr'><strong>comoediae</strong></span> <span class='ocrx_word' id='word_1_155' title='bbox 675 3665 828 3737; x_wconf 63' lang='lat' dir='ltr'><strong>recensuit}</strong></span> <span class='ocrx_word' id='word_1_156' title='bbox 846 3671 876 3720; x_wconf 89' lang='lat' dir='ltr'><strong>et</strong></span> <span class='ocrx_word' id='word_1_157' title='bbox 894 3667 1060 3724; x_wconf 85' lang='lat' dir='ltr'><strong>emendavit</strong></span> <span class='ocrx_word' id='word_1_158' title='bbox 1078 3668 1122 3724; x_wconf 80' lang='lat' dir='ltr'><strong>Fr.</strong></span> <span class='ocrx_word' id='word_1_159' title='bbox 1143 3668 1209 3720; x_wconf 90' lang='lat' dir='ltr'><strong>Leo.</strong></span> <span class='ocrx_word' id='word_1_160' title='bbox 1247 3668 1373 3724; x_wconf 89' lang='lat' dir='ltr'><strong>Berolini</strong></span> 
     </span>
     <span class='ocr_line' id='line_1_26' title="bbox 257 3757 407 3815; baseline -0.013 0"><span class='ocrx_word' id='word_1_161' title='bbox 257 3757 407 3815; x_wconf 77' lang='grc'><strong>1895-96.</strong></span> 
     </span>
    </p>
   </div>
   <div class='ocr_carea' id='block_1_10' title="bbox 0 0 1551 5190">
    <p class='ocr_par' dir='ltr' id='par_1_14' title="bbox 0 0 1551 5190">
     <span class='ocr_line' id='line_1_27' title="bbox 0 0 1551 5190; baseline 0 0"><span class='ocrx_word' id='word_1_162' title='bbox 0 0 1551 5190; x_wconf 95' lang='lat' dir='ltr'><strong> </strong></span> 
     </span>
    </p>
   </div>
  </div>
 </body>
</html>
