3076 5190
673 589 871 661 -160-

320 771 460 854 itemque
485 774 556 855 post
579 773 674 838 dum:

214 875 312 942 Poeu.
327 877 402 943 883.
426 885 470 941 At
493 900 545 963 eqo
568 879 623 942 hoc
645 887 755 962 metuo,
779 879 917 965 Milphio

440 984 453 1068 ΙΙ
471 987 554 1065 Quid
577 994 620 1050 est
642 987 725 1071 quod
747 989 890 1052 mutuus?
904 988 917 1071 ΙΙ
936 989 1022 1054 Dum
1046 1013 1099 1054 cro
1123 980 1264 1058 insidias
1277 1016 1328 1079 po·

532 1094 622 1157 ritem
645 1114 683 1157 ue
705 1115 753 1158 mc
772 1095 930 1178 perduim.

212 1197 353 1285 [pariter
383 1199 422 1276 A,
458 1200 592 1284 parilem
625 1199 659 1275 P,
691 1203 830 1284 parilem
861 1202 901 1280 Τς
937 1225 985 1268 mo
1004 1205 1156 1288 perduim
1187 1208 1228 1287 A,
1261 1231 1280 1269 o
1306 1215 1328 1271 te

548 1308 695 1392 pudr'am
719 1306 754 1384 P,
779 1330 859 1372 corr.
885 1309 995 1394 Acid]

319 1416 379 1479 Sed
403 1436 513 1479 verum
538 1419 586 1478 est
610 1415 809 1480 attractionis
834 1417 1029 1501 exemplum:

211 1521 293 1587 Rud.
319 1523 393 1587 499.
428 1522 566 1606 Deosque
589 1523 776 1586 irnruortolis
799 1545 920 1609 quaeso,
945 1524 1034 1589 dum
1057 1527 1191 1605 oioas,
1217 1531 1264 1592 ati

426 1627 538 1692 Omnes
561 1629 608 1691 lui
630 1629 747 1692 similes
770 1629 903 1714 hospites
925 1631 1037 1696 habeas
1060 1633 1119 1696 tibi
1131 1631 1170 1713 1).

317 1756 356 1818 a⁴.
404 1753 487 1830 Quin
511 1755 543 1817 iu
568 1776 630 1818 uuo
653 1756 800 1838 exemplo
824 1757 920 1820 etiam
945 1759 1042 1822 verbo
1058 1761 1240 1842 primariae
1261 1782 1323 1824 sen·

210 1863 329 1927 tentiae
354 1861 516 1926 antecedit
538 1861 725 1944 temporalis
749 1867 830 1926 seut.

209 1968 309 2033 Merc.
327 1969 403 2033 344.
427 1968 535 2052 Neque
557 1974 585 2031 is
608 1988 712 2053 quom
738 1977 838 2054 νομί
860 1970 937 2055 quid
959 1971 1070 2056 loquor
1094 1975 1300 2057 coqitutamst.

480 2073 617 2159 [Nequis
640 2111 683 2120 -
706 2077 819 2158 coqilat
841 2077 922 2140 uredo
946 2085 989 2141 est
1012 2075 1056 2162 B]

317 2180 355 2246 Iu
390 2182 477 2245 nullo
505 2187 613 2245 tamen
636 2182 830 2247 coniunctivi
854 2185 1000 2267 exemplo
1024 2208 1044 2248 a
1066 2188 1242 2269 temporali
1264 2210 1325 2252 sen·

209 2290 310 2354 tentia
333 2289 483 2373 periodus
506 2289 629 2371 incipit.

317 2416 346 2479 b.
406 2412 545 2477 Perfecti
569 2413 799 2478 coniunctivus.

316 2541 357 2604 b¹.
404 2538 440 2603 lu
466 2562 530 2603 una
552 2543 676 2603 tautum
701 2540 920 2604 enuntiatione
947 2542 1117 2624 temporali
1142 2546 1235 2610 verbi
1259 2567 1324 2628 spe·

208 2649 273 2711 cies
309 2647 544 2711 coniunctivum
570 2668 637 2710 esse
661 2646 770 2730 arguit
793 2648 976 2731 etquidem
999 2670 1082 2732 quas
1107 2653 1237 2735 regenti
1260 2673 1323 2715 sen-

207 2755 328 2819 tentiae
352 2754 521 2817 interiecta
545 2757 608 2818 est:
931 2814 933 2818 .

208 2861 472 2927 Meu.1045.Ne
506 2868 582 2938 tum,
618 2861 776 2946 quaudo
808 2882 906 2924 sonus
942 2862 1081 2943 foetas
1116 2865 1186 2944 sit,
1227 2888 1247 2929 a
1283 2886 1324 2928 mc

237 2960 240 2964 ⁵
528 2975 690 3051 cruentum
710 2975 806 3050 petat.

360 3074 430 3159 [neo
452 3074 527 3137 dum
551 3074 587 3150 Β,
612 3076 727 3138 nedum
750 3074 876 3158 reliqui,
900 3097 937 3138 ue
960 3082 1025 3139 tam
1050 3075 1183 3160 Lamb.]

315 3250 335 3318 ¹)
352 3253 387 3305 In
406 3251 539 3318 exemplo
558 3255 654 3304 autem
674 3253 751 3318 quod
770 3256 816 3305 est

208 3342 271 3394 Aul.
291 3341 350 3394 790.
386 3339 440 3408 Qui
458 3340 535 3393 tomo
555 3340 664 3407 uulpem
681 3340 794 3393 admisit
811 3341 842 3394 iu
860 3357 894 3406 se,
914 3341 1093 3395 sallustium
1107 3343 1196 3410 parsi
1210 3349 1295 3413 preti,

387 3428 462 3497 Quin
480 3427 590 3496 pudeat,
609 3428 675 3496 quin
690 3433 792 3498 puroet
807 3445 876 3484 sese:

206 3521 332 3573 editores
351 3520 525 3572 sententiam
546 3519 642 3586 potius
660 3525 850 3586 corruperunt
862 3536 948 3587 quam
961 3526 1150 3574 correxerunt
1163 3524 1326 3577 coniectura

206 3610 302 3663 Bothii
330 3625 409 3676 quom
437 3625 489 3676 pro
517 3609 612 3675 priore
631 3608 698 3676 quin
716 3615 840 3677 recepta.
878 3610 1038 3677 Lyconides
1057 3609 1136 3662 enim
1156 3612 1325 3666 adulescens

206 3715 264 3752 non
283 3699 349 3751 ideo
369 3698 493 3750 maxims
513 3698 549 3750 ad
569 3699 736 3751 Euclionem
756 3699 838 3751 veuit
856 3703 889 3752 ut
907 3715 939 3751 ss
958 3703 1061 3765 purget
1079 3699 1132 3753 sed
1150 3704 1185 3753 ut
1203 3703 1325 3756 fateatur

205 3805 237 3840 se
265 3803 400 3856 peccasse
428 3791 458 3839 et
481 3787 595 3839 veniam
615 3792 695 3854 petat
711 3787 771 3853 (791
792 3804 843 3853 squ
872 3787 987 3841 obtestor
1004 3790 1040 3840 ut
1054 3787 1147 3856 siquid
1166 3817 1202 3828 —
1217 3788 1325 3858 peccam

206 3906 239 3915 —
259 3881 380 3945 ionoscas
399 3877 453 3941 —):
483 3877 559 3942 quod
583 3877 645 3929 eius
665 3881 710 3929 est
728 3893 812 3942 quem
832 3878 929 3944 pudet.
966 3878 1001 3930 In
1020 3877 1117 3931 verbis
1140 3877 1211 3946 qaia
1225 3879 1328 3947 parunt

205 3967 246 4019 rei
265 3982 379 4019 summa
398 3967 492 4032 posita
510 3971 567 4026 est;
587 3966 692 4032 quibus
711 3966 873 4018 adnectitur
892 3967 1064 4033 asyncletum
1083 3967 1250 4021 membrum
1263 3967 1326 4037 qaia

203 4058 303 4124 puroet
319 4071 373 4107 sese
392 4056 460 4107 item
481 4059 513 4107 ut

418 4145 503 4196 Most.
524 4144 584 4196 147.
630 4143 698 4211 quin
717 4147 786 4197 lotoe
801 4147 949 4211 puncturis
967 4146 1061 4208 meunt,

515 4231 612 4300 [Quin]
632 4232 700 4285 Cum
713 4231 898 4301 fundamento
913 4232 1051 4300 memorial
1068 4238 1131 4300 etc,

206 4321 254 4373 ubi
273 4321 343 4373 item
364 4338 450 4386 prave
470 4321 603 4375 Oraiuius
622 4323 742 4388 aliique:
763 4338 855 4389 quom
868 4321 1057 4390 fundamento
1070 4339 1101 4390 p.
