3076 5190
678 571 872 640 -135-

214 752 285 817 len⁸
302 749 327 833 ¹)
361 775 456 836 quam
493 753 524 815 in
560 752 677 817 Bacch.
704 754 846 818 66-72.
875 755 1036 819 Penetrem
1068 777 1114 818 me
1141 793 1177 802 -
1212 756 1270 820 Ubi
1296 795 1336 803 -

214 859 417 943 captam?=
429 867 585 943 penetrem
607 882 655 924 me
678 868 705 924 et
728 859 773 924 iti
796 861 949 945 capium?

321 965 435 1030 Certae
459 966 548 1050 leges
573 989 633 1031 non
658 973 790 1050 possunt
813 969 921 1044 statui,
947 970 999 1033 ubi
1025 971 1254 1047 coniunctivae,
1280 973 1336 1036 ubi

212 1073 405 1137 indicativus
429 1072 591 1137 adhibitus
615 1074 666 1138 sit.
713 1072 890 1139 Variantur
913 1077 997 1139 enim
1021 1078 1106 1141 modi
1131 1076 1215 1141 haud
1240 1078 1335 1142 aliter

214 1183 309 1262 atque
345 1178 474 1243 omnino
509 1180 540 1243 in
577 1180 720 1244 relativis
755 1182 921 1246 sententiis
945 1183 1124 1247 causalibus
1149 1189 1181 1247 et
1205 1207 1335 1248 conces·

213 1286 299 1362 siris,
331 1308 462 1370 quorum
506 1308 576 1350 cum
613 1288 814 1351 coniunctivo
850 1288 901 1352 hic
937 1290 1154 1354 coniunctivns
1190 1292 1336 1374 proxima

213 1393 403 1475 cognatione
439 1415 598 1457 connexus
634 1397 691 1459 est.
718 1431 757 1438 —
783 1395 842 1458 Sed
874 1417 1000 1478 semper
1024 1397 1091 1460 fere
1115 1398 1335 1463 coniunctirus

212 1500 391 1574 usuvenit,
416 1501 442 1562 si
467 1501 499 1562 in
523 1504 658 1585 utraque
683 1502 842 1565 sententia
866 1503 950 1565 idem
975 1504 1152 1569 subiectum
1178 1508 1234 1568 est.
1271 1504 1334 1568 Fa·

212 1605 303 1669 cilius
339 1607 422 1669 enim
458 1611 524 1669 tum
561 1607 795 1672 coniunctivum
831 1610 1007 1690 provenire,
1044 1611 1215 1675 ostendunt
1253 1611 1333 1675 baec

212 1712 359 1795 exempla
383 1717 583 1795 comparata:

226 1818 549 1902 Rud.1244.Epone
572 1827 606 1881 ret
629 1822 732 1903 quod
754 1856 795 1865 -
813 1842 875 1884 6336
898 1822 1038 1886 cliernrm
1061 1822 1186 1886 sciam
1212 1824 1337 1887 Oelem?

321 1926 416 1990 1230.
439 1927 575 2010 Aequom
600 1926 722 1989 ridetur
746 1926 803 1989 riti
824 1936 859 1990 ert
882 1949 934 2011 epo
958 1927 1096 1992 alienum
1120 1931 1222 2014 qnod
1244 1938 1301 1994 est

439 2031 550 2095 Meum
573 2053 635 2096 6336
658 2031 785 2097 dicam?

226 2137 294 2201 Mil.
321 2140 372 2201 55.
443 2137 529 2217 Quid
544 2137 600 2202 titi
617 2161 670 2221 epo
685 2137 788 2203 dicem
804 2142 899 2224 qnod
914 2162 1017 2204 omnes
1028 2143 1175 2206 mortales
1190 2141 1337 2207 sciunt?

225 2243 324 2309 Mero.
339 2246 414 2309 513.
440 2245 506 2308 Nec
539 2267 603 2308 mos
626 2254 724 2309 memt
747 2254 782 2309 m
803 2246 989 2331 praedicem,
1014 2249 1116 2332 quod
1142 2270 1193 2332 epo
1217 2249 1334 2313 omneis

568 2351 648 2416 seire
670 2354 841 2416 credam.

226 2457 295 2522 Mil.
320 2459 394 2523 300.
441 2458 527 2537 Quid
549 2457 607 2522 titi
629 2458 676 2522 m's
699 2457 813 2540 dicam,
837 2459 903 2523 nisi
926 2463 1029 2544 qnod
1053 2461 1249 2525 riderem?

224 2564 285 2646 Ep.
316 2565 363 2628 19.
441 2562 525 2643 Quid
548 2563 605 2628 titi
628 2565 674 2628 ee's
697 2565 802 2628 dicem
825 2565 890 2630 met
912 2568 1014 2650 qnod
1037 2568 1119 2630 est?

318 2697 476 2781 Exempla
499 2699 648 2763 universe
672 2701 873 2763 enumerabo.

321 2831 348 2893 l.
396 2828 484 2893 Idem
510 2834 558 2894 est
582 2832 747 2914 utriusque
771 2832 950 2896 sententiae
974 2834 1162 2897 subiectum.

320 2934 501 3000 Praesentis
526 2938 746 3001 coniunctivus
770 2939 801 3001 in
827 2938 884 3002 rel.
910 2943 988 3002 sent.

210 3043 329 3125 Amph.
348 3043 423 3107 434.
449 3041 534 3121 Quid
556 3065 609 3126 epo
632 3043 667 3107 m'
691 3065 830 3129 nepem,
857 3043 927 3130 qui
949 3054 1062 3128 epomet
1084 3033 1208 3108 siem?

210 3149 259 3213 cfr
270 3150 334 3213 ind.
349 3151 424 3215 373.
448 3149 517 3213 Tem
539 3158 567 3213 te
590 3151 703 3214 andes
719 3149 842 3215 Sosiam
858 3173 920 3215 6336
940 3151 1049 3234 dicere,
1071 3151 1145 3232 Qut
1161 3174 1213 3236 epo
1228 3154 1335 3216 sune?

210 3256 266 3320 As.
292 3255 367 3321 837.
450 3293 488 3300 -
516 3259 567 3320 An
592 3265 625 3320 tu
649 3255 746 3340 [6336]
769 3278 817 3321 me
840 3257 961 3322 tristem
978 3258 1102 3342 putes?

422 3358 432 3447 ll
446 3362 573 3427 Putem
590 3385 642 3447 epo
658 3385 761 3448 quem
776 3362 921 3428 videam
936 3386 1030 3450 neque
1042 3386 1104 3429 6336
1115 3374 1267 3430 maestum
1285 3408 1331 3431 -.
1414 3446 1418 3453 .

208 3469 307 3533 Mero.
330 3468 409 3554 573..
441 3471 561 3554 quodne
584 3471 709 3533 amem?
730 3471 838 3534 audito
862 3472 986 3554 regenti
1011 3469 1252 3552 coniunctivo²l

319 3661 338 3731 ¹)
365 3665 410 3718 Sic
436 3668 514 3717 recte
533 3665 630 3730 Longe
650 3665 692 3718 De
711 3670 784 3717 sent.
804 3669 891 3732 temp.
911 3666 988 3732 apud
1007 3665 1089 3732 prisc.
1109 3667 1263 3732 scriptores
1283 3669 1330 3721 lat.

208 3754 325 3819 syntaxi
346 3753 536 3807 Vrntislnvine
557 3753 626 3806 1878
645 3771 672 3821 p.
691 3754 734 3806 44.

316 3839 336 3908 ¹)
354 3843 440 3894 Mero.
451 3841 512 3895 570.
531 3840 665 3908 amplecti*
677 3841 747 3895 voles

533 3929 714 3999 Omfabuteri
732 3933 812 3998 etque
830 3931 971 3984 assentiri
991 3961 1024 3967 —

451 4019 511 4071 -3.
531 4018 662 4072 Pervorse
675 4017 798 4087 faciest!
815 4018 947 4086 Quodne
966 4025 1087 4072 omem?
1100 4020 1110 4086 ΙΙ
1127 4019 1213 4073 Tanto
1230 4020 1329 4074 minus.

455 4108 513 4160 -ὀ,
534 4106 622 4160 Senem
638 4106 760 4161 tironem
780 4110 810 4160 tm
828 4107 967 4161 amentem
985 4108 1144 4161 mulierem?

500 4195 613 4264 [quodne
630 4212 703 4249 cenes
721 4198 795 4263 libri,
815 4214 886 4250 corr.
907 4197 1049 4263 Scaliger]

316 4284 389 4347 Quid
416 4285 592 4338 audiendum
612 4287 699 4338 sitin
719 4287 773 4339 hac
792 4286 997 4353 compendiosa
1016 4287 1134 4353 periodo
1153 4287 1266 4340 facilius
1286 4293 1331 4342 est
