3076 5190
679 548 853 629 ..33-

314 736 458 807 Oausslis
481 745 573 807 sunt:

206 847 525 914 Mil.1411.1ora
559 853 587 913 te
619 867 684 913 non
714 846 895 913 moriturum
917 869 982 913 esse
1004 847 1127 914 tmnini
1148 849 1186 914 de
1209 849 1269 916 tene
1291 870 1326 916 re

527 953 657 1031 nemini,

422 1062 531 1141 Quod
566 1067 601 1126 tn
634 1060 725 1127 hodie
758 1061 811 1127 tie
852 1063 1112 1128 verberatm’s
1153 1068 1212 1129 ant
1245 1066 1328 1147 qood

526 1169 733 1234 verteretere.

421 1275 459 1342 Si
482 1283 509 1340 te
531 1277 647 1340 salvom
670 1272 743 1340 time
765 1274 923 1340 mittemus
951 1274 1118 1342 Venerium
1138 1279 1326 1362 nepotulum.

208 1380 272 1467 [sio
285 1383 313 1446 A
327 1383 388 1447 nisi
405 1384 487 1468 qnod
504 1383 537 1447 in
553 1383 635 1447 1411
657 1402 723 1447 mon
737 1383 866 1462 omittit,
882 1384 1046 1448 verberare
1062 1421 1102 1430 —
1116 1383 1270 1461 mittimus
1284 1384 1326 1470 P]

207 1491 349 1555 streoni.
363 1489 445 1555 Rud.
462 1491 557 1556 1336.
581 1487 737 1554 Deiera
761 1493 791 1553 te
812 1489 858 1553 mi
880 1495 1046 1573 eruentem
1069 1491 1219 1556 dotorum

558 1592 572 1607 ‘
586 1596 705 1661 Eodem
728 1595 790 1679 die,
805 1593 892 1682 (tui)
910 1596 1013 1662 videti
1034 1597 1101 1662 ubi
1122 1597 1178 1662 sis
1194 1598 1325 1680 potitus.

315 1721 557 1787 condicionales
580 1725 672 1787 sent:
1193 1776 1196 1781 .

206 1828 276 1893 Mil.
301 1829 377 1895 453.
423 1833 453 1893 te
472 1849 631 1910 nmquam
645 1826 777 1906 mittam,
801 1826 889 1892 nisi
911 1828 985 1894 des
999 1829 1168 1913 firmatam
1183 1829 1326 1913 sidem,

425 1935 470 1999 Te
491 1935 563 2017 tue,
585 1934 623 1999 si
646 1933 835 2013 omisero,
859 1933 944 2000 intro
967 1934 1096 2001 iterem.

516 2040 586 2127 [sin
607 2040 750 2106 marserei
773 2039 824 2122 B¹‚
850 2063 931 2108 corr.
955 2039 1014 2127 13²]

208 2150 259 2213 cfr
280 2151 460 2234 proximum
484 2172 625 2215 versum:

297 2276 373 2340 455.
419 2274 478 2340 Do
494 2274 636 2358 fidem,
660 2273 697 2338 si
720 2273 889 2357 omittis,
912 2272 973 2338 isto
995 2295 1044 2339 me
1066 2273 1152 2340 intro
1174 2274 1304 2342 murem.

207 2382 278 2446 Mil.
302 2383 397 2447 1413.
422 2381 451 2446 si
476 2418 516 2428 -
540 2380 698 2446 mittemus
721 2403 750 2445 v.
775 2403 881 2465 supra.
1038 2386 1041 2391 '

207 2488 293 2552 Men.
319 2489 394 2553 528.
422 2488 468 2553 Et
489 2486 570 2553 istrie
592 2493 624 2554 et
645 2487 739 2552 aliod
759 2486 790 2552 si
811 2486 891 2571 qnid
912 2487 1023 2553 curari
1044 2487 1123 2553 volet

422 2595 479 2660 Me
501 2600 687 2660 meatorum
709 2593 814 2673 dieite,
839 2592 996 2676 quidquid
1016 2595 1103 2660 votet.

598 2699 712 2786 [dicito
725 2730 766 2755 =
779 2699 934 2786 spondeo]

317 2826 376 2892 His
412 2826 566 2912 exemplis
600 2826 801 2910 perlustratis
837 2826 951 2902 elucet,
977 2848 1040 2911 quo
1063 2849 1162 2911 usque
1184 2827 1327 2912 loquenti

211 2935 299 3019 optio
337 2935 488 3019 patuerit,
527 2937 633 2998 utrum
680 2933 914 2998 coniunctivum
956 2933 1137 3017 obliquum·
1159 2932 1327 3000 adhiberet

209 3062 310 3106 neone
344 3044 417 3125 post
440 3038 472 3104 ΙΙ
495 3062 650 3124 personae
674 3041 772 3105 verba
803 3040 931 3104 iussivn.
979 3038 1151 3124 Obliquum
1178 3041 1327 3106 coniunc-

208 3149 311 3213 tivum
335 3149 411 3213 dixi.
458 3146 658 3232 Quamquam
681 3147 766 3211 enim
790 3148 902 3212 eadem
925 3168 994 3211 esse
1017 3147 1144 3213 videtur
1159 3146 1239 3213 haee
1261 3171 1327 3213 mo-

210 3257 320 3320 dorum
355 3255 540 3321 vicissitudo
574 3259 669 3338 atque
704 3257 776 3338 post
799 3250 815 3317 Ι
839 3275 993 3337 personae
1017 3256 1116 3320 verba
1146 3255 1328 3339 praesentia

210 3369 266 3426 sut
300 3360 526 3446 impersonalis
559 3362 669 3436 verbs,
699 3365 807 3424 tamen
835 3360 999 3444 obliquum
1023 3382 1091 3425 esse
1115 3383 1187 3425 eum
1211 3361 1325 3426 saltem

210 3469 445 3534 coniunctivum
481 3470 624 3552 apparet,
660 3468 714 3552 qui
750 3468 782 3531 in
814 3467 990 3547 sententiis,
1030 3489 1112 3552 qnae
1151 3468 1190 3533 de
1229 3468 1325 3532 certis

210 3578 307 3641 rebus
330 3575 565 3660 praedicentur,
590 3575 769 3640 usuvenit.
795 3611 834 3620 -
859 3572 943 3639 Num
968 3575 1001 3639 in
1017 3574 1250 3640 universalibus
1265 3575 1328 3639 soi·

211 3682 289 3746 lieet
311 3705 373 3747 non
397 3704 564 3767 possumus
588 3682 777 3758 discernere,
797 3685 903 3746 utrum
920 3681 1067 3765 obliquus
1090 3682 1141 3760 sit,
1164 3705 1205 3747 an
1220 3681 1328 3746 infini-

210 3790 277 3854 tivo
300 3790 454 3854 debeatur
477 3789 581 3867 (utin
605 3788 674 3853 Mil.
688 3789 777 3864 981).
803 3824 843 3834 -
869 3786 905 3853 Id
921 3791 1027 3852 autem
1043 3789 1200 3854 secundae
1216 3810 1326 3873 perso·

210 3919 271 3960 nae
296 3918 367 3960 cnm
392 3896 495 3980 prima
518 3917 683 3961 commune
708 3901 765 3971 est,
790 3897 873 3980 quod
896 3896 1088 3961 indicativus
1108 3896 1142 3959 in
1158 3896 1328 3961 subiuncta

211 4004 354 4069 oratione
390 4004 506 4087 passim
543 4005 652 4083 restat,
688 4003 742 4068 ubi
770 4003 841 4087 quis
869 4002 1038 4086 eloquitur,
1062 4024 1144 4087 quae
1167 4004 1232 4067 inm
1254 4024 1328 4066 sen·

210 4112 273 4175 tint
294 4111 422 4177 velitne.
