3076 5190
666 495 916 611 -rsr-¹

314 727 344 790 b.
391 726 536 790 Liberius
572 725 762 808 saepiusque
798 725 931 791 futuri
967 727 1107 791 exacti
1137 725 1327 790 indicativus

206 832 371 896 retinetur.
419 831 502 908 Quin
526 853 597 897 aum
622 832 655 895 in
680 854 742 895 uno
766 836 891 896 tantum
916 834 1081 898 enuntiato
1106 834 1238 917 regenti
1261 854 1328 896 san·

205 939 326 1002 tentiae
361 940 528 1003 interiecto
563 944 684 1003 certum
721 940 957 1004 coniunctivum
993 941 1180 1018 habeamus,
1224 939 1328 1004 novies

206 1049 326 1110 sertum
351 1046 561 1111 indicativum
585 1045 799 1128 reperiemus:

313 1203 358 1270 b¹.
405 1209 456 1270 ter
479 1228 498 1270 a
521 1205 690 1289 temporali
714 1207 873 1270 sententia
897 1208 1045 1290 periodus
1068 1207 1196 1291 insipit.

206 1328 275 1394 Mil.
309 1332 383 1395 942.
426 1330 485 1394 Ubi
506 1330 593 1412 faeta
617 1328 677 1393 erit
699 1330 833 1393 conlatio
856 1339 1040 1395 uestrarum
1062 1333 1269 1396 malitiarum

421 1433 565 1520 <H>aud
587 1457 692 1500 vereor
713 1457 752 1500 ue
773 1457 831 1500 uos
853 1470 897 1482 -
916 1440 1150 1521 permutamur.

528 1539 734 1626 [militiarum
757 1542 842 1620 libri,
868 1545 941 1609 mal.
965 1542 1007 1628 Z]

287 1650 383 1715 1176.
419 1649 517 1728 Quom
552 1650 700 1734 extemplo
734 1649 789 1714 leae
823 1653 883 1714 erit
916 1650 1047 1732 fuctum,
1072 1651 1125 1714 ubi
1147 1649 1238 1714 iutra
1261 1650 1330 1714 haee

527 1757 646 1836 abierit,
670 1756 715 1819 ili
737 1763 771 1820 lu
795 1755 868 1821 iliae

420 1862 532 1926 Facito
555 1859 645 1947 ut<i>
671 1864 777 1928 eeuias
800 1900 844 1908 —
867 1864 927 1927 lua
952 1900 1002 1925 -.
1029 1860 1150 1947 [ueniat
1173 1861 1218 1948 Ρ]

287 1971 381 2035 1184.
420 1970 526 2048 Quid?
567 1968 622 2032 uu
654 1990 706 2033 ero
741 1977 919 2051 exornatus,
958 1972 1035 2056 quiu
1070 1978 1104 2034 tu
1139 1969 1222 2034 dieis
1257 1968 1331 2054 quid

526 2076 672 2158 facturus
695 2074 783 2140 sim?

379 2180 473 2270 [quid
495 2182 600 2247 aliero
624 2182 660 2262 B,
684 2182 752 2268 quit
775 2181 828 2247 ubi
851 2204 903 2247 ero
926 2183 993 2260 al),
1018 2205 1087 2248 sum
1110 2180 1159 2268 A]

314 2341 359 2410 b'.
406 2344 505 2408 semel
538 2344 622 2407 inter
645 2344 831 2426 primariam
855 2349 887 2407 et
909 2348 1074 2428 regentem
1100 2348 1181 2408 sent.
1206 2348 1331 2428 tempo·

207 2452 284 2517 ralis
307 2456 387 2515 sent.
412 2451 591 2514 intercedit.

207 2576 269 2661 Ep.
293 2578 368 2642 276.
419 2596 515 2658 quam
549 2574 592 2637 ad
626 2594 691 2637 rem
714 2573 795 2638 islue
817 2574 941 2656 refert?
954 2573 967 2657 ΙΙ
984 2575 1110 2659 Requs?

427 2683 465 2746 Ut
492 2680 574 2745 euim
595 2679 770 2766 praestines
794 2690 920 2766 arqeule
950 2723 995 2744 -.

298 2790 371 2854 --9.
424 2787 491 2853 Uti
515 2786 587 2851 erit
610 2795 746 2871 empta,
770 2795 806 2851 ut
829 2787 934 2874 aliquo
957 2809 994 2853 eu
1016 2788 1091 2852 urbe
1114 2809 1268 2853 amoveas.

315 2946 360 3016 b⁸.
406 2950 576 3034 quinquies
600 2949 632 3012 in
655 2949 866 3033 temporalem
888 2953 969 3014 sent.
994 2949 1143 3032 periodus
1168 2949 1246 3013 exit.

208 3075 283 3140 Aul.
309 3074 361 3139 76.
423 3095 520 3158 aeque
542 3072 710 3159 qaisquam
731 3072 857 3137 meliust
879 3072 969 3155 mili,

428 3180 467 3244 Ut
490 3179 611 3264 epiuor,
630 3201 723 3265 quam
747 3201 784 3244 ea
808 3200 853 3243 me
875 3188 910 3243 ut
928 3200 1026 3243 uuam
1047 3178 1169 3261 faciam
1193 3178 1331 3243 litteram

422 3285 597 3372 Lauq<am‚
629 3283 754 3369 me>um
777 3287 885 3370 laqueo
918 3286 1032 3350 sollum
1073 3286 1233 3370 quaudo
1276 3285 1331 3349 el·

528 3393 749 3458 striuaere.
798 3389 984 3476 [obstriuere
1007 3389 1107 3476 B¹E.]

209 3500 266 3566 As.
290 3501 366 3566 478.
423 3499 583 3586 idquidem
607 3499 664 3563 tilu'
687 3501 786 3564 hercle
807 3498 869 3582 fiet,

429 3607 467 3671 Ut
490 3607 625 3691 vapules,
644 3606 866 3670 Demaenetum
882 3604 1017 3670 simulas
1031 3626 1216 3690 eouspeuera
1232 3604 1332 3670 lodie.

209 3714 411 3798 Amputat.
424 3713 478 3778 Ea
513 3735 597 3778 uuua
630 3712 802 3777 meditabor
836 3734 895 3798 qua
918 3713 1006 3776 moda
1028 3710 1081 3776 illi
1103 3713 1217 3794 disum,
1241 3733 1332 3798 quom

528 3818 585 3884 illo
609 3820 768 3883 advenere.

209 3927 309 3993 Persa
333 3928 386 3994 86.
422 3927 472 3991 Ne
507 3927 584 3990 mili
618 3947 723 3990 morae
749 3925 791 3990 sit
813 3928 989 4011 quiequam,
1015 3924 1068 3990 ubi
1091 3946 1143 4009 eqo
1166 3928 1252 3988 iutro
1276 3926 1332 3989 ad·

528 4054 647 4098 reuma.

210 4141 547 4207 muraenarum
583 4148 616 4204 ut
650 4161 715 4203 rem
738 4141 877 4203 dioiuam
901 4137 1029 4220 faciam,
1054 4159 1146 4223 quom
1167 4139 1254 4202 iutro
1278 4139 1333 4202 ud·

531 4267 638 4312 asuero
