3076 5190
727 1424 801 1509 §5-
880 1534 885 1547 x

433 1606 489 1671 De
512 1602 756 1670 nominativo
780 1619 870 1669 cum
892 1566 1094 1666 infinitivo.

600 1781 641 1849 Α.
687 1785 930 1847 Coniunctivus.

314 1924 352 1992 In
377 1926 395 2010 ἐ
420 1928 440 1991 2
465 1927 600 1991 vidimus
635 1925 867 1991 coniunctivum
902 1922 1049 2007 usurpari
1077 1944 1139 1986 non
1164 1921 1271 1987 solum
1294 1921 1327 1985 iu

207 2034 253 2099 eis
288 2034 455 2098 sententiis
489 2033 632 2110 infinitis,
661 2053 742 2116 quae
766 2032 805 2096 ad
830 2031 1043 2095 accusativum
1068 2051 1140 2094 cum
1165 2029 1327 2094 infinitivo

207 2163 241 2206 se
266 2140 475 2227 applicarent,
503 2139 559 2204 sed
583 2140 678 2205 etiam
702 2175 746 2184 -
769 2138 872 2202 rarius
895 2137 1034 2222 quidem,
1058 2139 1092 2200 at
1113 2157 1248 2220 prorsus
1272 2136 1327 2200 iis·

206 2248 277 2312 dem
312 2248 438 2334 legibus
474 2253 515 2325 (v.
541 2270 572 2331 p.
598 2247 637 2310 17
663 2250 724 2330 sq.)
757 2282 801 2291 -
828 2245 860 2309 in
886 2245 942 2325 eis,
966 2266 1047 2329 quae
1071 2243 1156 2328 apud
1181 2243 1324 2309 dativum

206 2378 232 2422 c.
257 2355 314 2421 inf.
339 2359 458 2421 essent:

205 2478 279 2545 Aul.
306 2481 366 2545 751
393 2479 438 2564 (p.
465 2478 520 2561 18)
563 2477 602 2543 Si
624 2476 709 2542 ebrio
733 2514 776 2523 —
792 2476 904 2560 facere
927 2476 1012 2558 quod
1032 2476 1137 2541 lubeat
1160 2473 1241 2540 licet.

206 2586 276 2652 (las.
302 2587 366 2652 872
390 2585 435 2670 (p.
461 2587 517 2668 20)
563 2585 609 2649 Et
630 2584 677 2649 ibi
699 2583 857 2648 ccdcmm
872 2582 945 2648 licet

565 2691 653 2772 Quae
677 2689 752 2754 celis
775 2689 870 2755 libere
887 2688 1046 2773 proloqui.

206 2822 261 2882 aut
284 2817 368 2902 apud
391 2816 568 2901 simplicem
592 2816 798 2881 infinitivum:

312 2941 385 3007 Aul.
412 2941 543 3006 593--4
566 2945 610 3025 (p.
637 2942 701 3017 17),
727 2940 781 3005 As.
806 2941 849 3004 24
872 2940 917 3024 (p.
943 2940 1010 3023 20),
1026 2941 1059 3005 iu
1083 2941 1199 3025 quibus
1214 2944 1322 3005 tamen

205 3049 362 3114 incertum
398 3052 456 3128 est,
484 3051 589 3112 utrum
614 3047 817 3131 impersonali
841 3048 939 3112 verbo
962 3047 1181 3112 coniunctivus
1205 3046 1322 3112 debea-

205 3159 258 3221 tur
282 3178 320 3219 an
344 3153 360 3218 I
384 3177 536 3239 personae
561 3154 668 3229 verbo,
693 3154 775 3238 quod
791 3158 890 3218 totam
907 3155 1072 3239 periodum
1089 3154 1321 3237 complectitur.

311 3260 484 3338 Quaeritur
507 3261 578 3337 iam,
612 3282 686 3325 num
711 3261 807 3324 etiam
833 3261 864 3324 in
888 3261 1048 3345 personali
1071 3264 1242 3337 structura,
1267 3260 1320 3346 qui

205 3372 336 3434 vocatur
366 3367 646 3432 nominativus
681 3389 764 3431 cum
800 3368 1031 3444 inlinitivo,
1055 3390 1114 3432 usu
1137 3367 1246 3433 veniat
1270 3367 1320 3432 hic

206 3474 424 3540 coniunctivus
447 3473 590 3538 infinitae
614 3472 801 3551 sententiae,
825 3497 906 3558 quae
923 3475 1073 3541 infinitivi
1088 3475 1249 3539 notionem
1267 3496 1319 3539 ex·

206 3581 305 3665 plicet
340 3580 391 3646 vel
418 3579 554 3665 expleat.
584 3620 618 3630 -
646 3577 728 3644 Nam
754 3581 914 3664 obliquum
940 3581 1176 3647 coniunctivum
1199 3581 1321 3647 scilicet

205 3710 267 3752 non
291 3709 369 3772 opus
393 3690 442 3751 est
464 3687 517 3752 hic
545 3686 719 3771 respicere:
756 3688 810 3772 qui
834 3711 904 3753 cum
929 3689 1089 3753 etiamad
1113 3689 1316 3754 indicativum

206 3797 370 3879 regentem
395 3794 513 3878 passim
537 3816 570 3858 se
595 3793 745 3878 applicet,
774 3816 824 3859 res
848 3799 960 3880 aperta
983 3799 1032 3859 est
1055 3799 1127 3880 post
1150 3796 1318 3862 nominati·

207 3922 280 3965 vum
305 3922 331 3965 c.
357 3899 413 3965 inf.
438 3922 530 3984 possa
554 3899 699 3965 adhiberi
722 3899 774 3983 (ut
796 3902 864 3967 Mil.
890 3904 952 3968 387
978 3926 1009 3988 p.
1034 3902 1100 3986 36).
1127 3939 1169 3949 --

312 4022 438 4089 Unum
462 4025 575 4089 sultam
599 4029 647 4089 est
671 4027 850 4111 exemplum
880 4027 1073 4106 Plautinum,
1091 4029 1175 4114 quod
1194 4030 1316 4114 probet,

207 4152 241 4196 rc
264 4152 341 4195 vern
364 4130 509 4215 usurpari
534 4131 777 4207 coniunctivum‚
802 4156 896 4217 quem
920 4137 1116 4218 quaerimus:

208 4254 324 4339 Arrrplr.
351 4254 428 4338 prol.
454 4256 505 4318 39.
552 4254 679 4321 Deliciis
701 4257 776 4323 valle
807 4279 907 4339 pesae
938 4260 1116 4339 uelimus,
