<?xml version="1.0" encoding="UTF-8"?>
<!DOCTYPE html PUBLIC "-//W3C//DTD XHTML 1.0 Transitional//EN"
    "http://www.w3.org/TR/xhtml1/DTD/xhtml1-transitional.dtd">
<html xmlns="http://www.w3.org/1999/xhtml" xml:lang="en" lang="en">
 <head>
  <title>
</title>
<meta http-equiv="Content-Type" content="text/html;charset=utf-8" />
  <meta name='ocr-system' content='tesseract 3.04.00' />
  <meta name='ocr-capabilities' content='ocr_page ocr_carea ocr_par ocr_line ocrx_word'/>
</head>
<body>
  <div class='ocr_page' id='page_1' title='image "./deconiunctivopl00thulgoog_0115.png"; bbox 0 0 3076 5190; ppageno 0'>
   <div class='ocr_carea' id='block_1_1' title="bbox 669 546 864 613">
    <p class='ocr_par' dir='ltr' id='par_1_1' title="bbox 669 546 864 613">
     <span class='ocr_line' id='line_1_1' title="bbox 669 546 864 613; baseline 0 -18"><span class='ocrx_word' id='word_1_1' title='bbox 669 546 864 613; x_wconf 76' lang='lat'>-100-</span> 
     </span>
    </p>
   </div>
   <div class='ocr_carea' id='block_1_2' title="bbox 206 724 1343 1023">
    <p class='ocr_par' dir='ltr' id='par_1_2' title="bbox 206 724 1343 1023">
     <span class='ocr_line' id='line_1_2' title="bbox 207 724 1343 804; baseline -0.001 -12"><span class='ocrx_word' id='word_1_2' title='bbox 207 726 295 804; x_wconf 83' lang='lat' dir='ltr'><strong>Quae</strong></span> <span class='ocrx_word' id='word_1_3' title='bbox 330 728 414 791; x_wconf 89' lang='lat' dir='ltr'><strong>enim</strong></span> <span class='ocrx_word' id='word_1_4' title='bbox 456 727 559 792; x_wconf 81' lang='lat' dir='ltr'><strong>ironia</strong></span> <span class='ocrx_word' id='word_1_5' title='bbox 597 727 631 790; x_wconf 92' lang='lat' dir='ltr'><strong>in</strong></span> <span class='ocrx_word' id='word_1_6' title='bbox 664 725 720 789; x_wconf 83' lang='lat' dir='ltr'><strong>Aa.</strong></span> <span class='ocrx_word' id='word_1_7' title='bbox 756 726 821 790; x_wconf 86' lang='lat'><strong>445</strong></span> <span class='ocrx_word' id='word_1_8' title='bbox 845 729 908 791; x_wconf 88' lang='lat' dir='ltr'><strong>est:</strong></span> <span class='ocrx_word' id='word_1_9' title='bbox 939 725 991 802; x_wconf 84' lang='lat' dir='ltr'><strong>da,</strong></span> <span class='ocrx_word' id='word_1_10' title='bbox 1029 727 1204 790; x_wconf 85' lang='lat' dir='ltr'><strong>commoda</strong></span> <span class='ocrx_word' id='word_1_11' title='bbox 1241 763 1282 772; x_wconf 89' lang='lat'><em>-</em></span> <span class='ocrx_word' id='word_1_12' title='bbox 1316 724 1343 791; x_wconf 83' lang='grc'><strong>34</strong></span> 
     </span>
     <span class='ocr_line' id='line_1_3' title="bbox 206 831 1340 916; baseline 0 -18"><span class='ocrx_word' id='word_1_13' title='bbox 206 833 281 899; x_wconf 80' lang='lat' dir='ltr'><strong>uelis</strong></span> <span class='ocrx_word' id='word_1_14' title='bbox 303 833 468 916; x_wconf 78' lang='lat' dir='ltr'><strong>(,Soltteat</strong></span> <span class='ocrx_word' id='word_1_15' title='bbox 489 834 530 897; x_wconf 86' lang='lat' dir='ltr'><strong>du</strong></span> <span class='ocrx_word' id='word_1_16' title='bbox 547 839 625 897; x_wconf 87' lang='lat' dir='ltr'><strong>Lust</strong></span> <span class='ocrx_word' id='word_1_17' title='bbox 641 832 756 911; x_wconf 87' lang='lat' dir='ltr'><strong>haben,</strong></span> <span class='ocrx_word' id='word_1_18' title='bbox 773 854 808 896; x_wconf 92' lang='lat' dir='ltr'><strong>so</strong></span> <span class='ocrx_word' id='word_1_19' title='bbox 821 831 906 896; x_wconf 86' lang='lat' dir='ltr'><strong>leihe</strong></span> <span class='ocrx_word' id='word_1_20' title='bbox 923 832 1030 896; x_wconf 88' lang='lat' dir='ltr'><strong>einem</strong></span> <span class='ocrx_word' id='word_1_21' title='bbox 1047 832 1208 898; x_wconf 86' lang='lat' dir='ltr'><strong>Freunde</strong></span> <span class='ocrx_word' id='word_1_22' title='bbox 1225 833 1340 916; x_wconf 78' lang='lat' dir='ltr'><strong>Geld‘)</strong></span> 
     </span>
     <span class='ocr_line' id='line_1_4' title="bbox 208 937 1339 1023; baseline 0.001 -19"><span class='ocrx_word' id='word_1_23' title='bbox 208 939 329 1005; x_wconf 78' lang='lat' dir='ltr'><strong>:uoti</strong></span> <span class='ocrx_word' id='word_1_24' title='bbox 362 942 564 1020; x_wconf 82' lang='lat' dir='ltr'><strong>commodare,</strong></span> <span class='ocrx_word' id='word_1_25' title='bbox 600 940 712 1004; x_wconf 89' lang='lat' dir='ltr'><strong>eadem</strong></span> <span class='ocrx_word' id='word_1_26' title='bbox 746 940 780 1002; x_wconf 92' lang='lat' dir='ltr'><strong>in</strong></span> <span class='ocrx_word' id='word_1_27' title='bbox 815 937 898 1004; x_wconf 87' lang='lat' dir='ltr'><strong>Rud.</strong></span> <span class='ocrx_word' id='word_1_28' title='bbox 924 940 989 1003; x_wconf 88' lang='lat'><strong>834</strong></span> <span class='ocrx_word' id='word_1_29' title='bbox 1025 943 1149 1023; x_wconf 89' lang='lat' dir='ltr'><strong>aperta</strong></span> <span class='ocrx_word' id='word_1_30' title='bbox 1186 945 1246 1019; x_wconf 86' lang='lat' dir='ltr'><strong>eat,</strong></span> <span class='ocrx_word' id='word_1_31' title='bbox 1271 962 1339 1005; x_wconf 88' lang='lat' dir='ltr'><strong>cum</strong></span> 
     </span>
    </p>
   </div>
   <div class='ocr_carea' id='block_1_3' title="bbox 114 1047 1338 1133">
    <p class='ocr_par' dir='ltr' id='par_1_3' title="bbox 114 1047 1338 1133">
     <span class='ocr_line' id='line_1_5' title="bbox 114 1047 1338 1133; baseline 0 -21"><span class='ocrx_word' id='word_1_32' title='bbox 114 1070 117 1075; x_wconf 90' lang='lat'>·</span> <span class='ocrx_word' id='word_1_33' title='bbox 207 1048 315 1112; x_wconf 87' lang='lat' dir='ltr'><strong>lorarii</strong></span> <span class='ocrx_word' id='word_1_34' title='bbox 350 1049 448 1113; x_wconf 85' lang='lat' dir='ltr'><strong>clavis</strong></span> <span class='ocrx_word' id='word_1_35' title='bbox 482 1049 667 1112; x_wconf 74' lang='lat' dir='ltr'><strong>minitantes</strong></span> <span class='ocrx_word' id='word_1_36' title='bbox 690 1047 875 1133; x_wconf 71' lang='lat' dir='ltr'><strong>significent</strong></span> <span class='ocrx_word' id='word_1_37' title='bbox 897 1069 931 1111; x_wconf 88' lang='lat' dir='ltr'><strong>se</strong></span> <span class='ocrx_word' id='word_1_38' title='bbox 955 1068 989 1110; x_wconf 87' lang='lat' dir='ltr'><strong>re</strong></span> <span class='ocrx_word' id='word_1_39' title='bbox 1013 1068 1094 1111; x_wconf 83' lang='lat' dir='ltr'><strong>vers</strong></span> <span class='ocrx_word' id='word_1_40' title='bbox 1119 1070 1189 1111; x_wconf 90' lang='lat' dir='ltr'><strong>non</strong></span> <span class='ocrx_word' id='word_1_41' title='bbox 1214 1070 1338 1112; x_wconf 85' lang='lat' dir='ltr'><strong>conces-</strong></span> 
     </span>
    </p>
   </div>
   <div class='ocr_carea' id='block_1_4' title="bbox 206 1153 902 1239">
    <p class='ocr_par' dir='ltr' id='par_1_4' title="bbox 206 1153 902 1239">
     <span class='ocr_line' id='line_1_6' title="bbox 206 1153 902 1239; baseline 0 -21"><span class='ocrx_word' id='word_1_42' title='bbox 206 1177 295 1220; x_wconf 84' lang='lat' dir='ltr'><strong>suros</strong></span> <span class='ocrx_word' id='word_1_43' title='bbox 319 1177 388 1219; x_wconf 86' lang='lat' dir='ltr'><strong>esse</strong></span> <span class='ocrx_word' id='word_1_44' title='bbox 411 1155 453 1231; x_wconf 87' lang='lat' dir='ltr'><strong>id,</strong></span> <span class='ocrx_word' id='word_1_45' title='bbox 478 1155 562 1239; x_wconf 88' lang='lat' dir='ltr'><strong>quod</strong></span> <span class='ocrx_word' id='word_1_46' title='bbox 587 1155 692 1220; x_wconf 84' lang='lat' dir='ltr'><strong>verbis</strong></span> <span class='ocrx_word' id='word_1_47' title='bbox 717 1153 902 1218; x_wconf 90' lang='lat' dir='ltr'><strong>concedunt.</strong></span> 
     </span>
    </p>
   </div>
   <div class='ocr_carea' id='block_1_5' title="bbox 206 1385 1335 1986">
    <p class='ocr_par' dir='ltr' id='par_1_5' title="bbox 206 1385 1335 1986">
     <span class='ocr_line' id='line_1_7' title="bbox 315 1385 1335 1472; baseline 0.001 -22"><span class='ocrx_word' id='word_1_48' title='bbox 315 1386 360 1450; x_wconf 81' lang='lat' dir='ltr'><strong>At</strong></span> <span class='ocrx_word' id='word_1_49' title='bbox 383 1387 508 1450; x_wconf 87' lang='lat' dir='ltr'><strong>etiamsi</strong></span> <span class='ocrx_word' id='word_1_50' title='bbox 531 1385 592 1450; x_wconf 90' lang='lat' dir='ltr'><strong>hac</strong></span> <span class='ocrx_word' id='word_1_51' title='bbox 616 1386 668 1452; x_wconf 84' lang='lat' dir='ltr'><strong>ria</strong></span> <span class='ocrx_word' id='word_1_52' title='bbox 692 1409 789 1451; x_wconf 90' lang='lat' dir='ltr'><strong>unum</strong></span> <span class='ocrx_word' id='word_1_53' title='bbox 813 1386 990 1450; x_wconf 82' lang='lat' dir='ltr'><strong>alterumve</strong></span> <span class='ocrx_word' id='word_1_54' title='bbox 1006 1387 1200 1470; x_wconf 84' lang='lat' dir='ltr'><strong>exemplum</strong></span> <span class='ocrx_word' id='word_1_55' title='bbox 1218 1389 1335 1472; x_wconf 88' lang='lat' dir='ltr'><strong>excipi·</strong></span> 
     </span>
     <span class='ocr_line' id='line_1_8' title="bbox 208 1492 1333 1577; baseline 0.004 -21"><span class='ocrx_word' id='word_1_56' title='bbox 208 1514 287 1570; x_wconf 90' lang='lat' dir='ltr'><strong>mus,</strong></span> <span class='ocrx_word' id='word_1_57' title='bbox 312 1494 390 1557; x_wconf 85' lang='lat' dir='ltr'><strong>satia</strong></span> <span class='ocrx_word' id='word_1_58' title='bbox 414 1493 515 1557; x_wconf 86' lang='lat' dir='ltr'><strong>multa</strong></span> <span class='ocrx_word' id='word_1_59' title='bbox 538 1496 670 1572; x_wconf 77' lang='lat' dir='ltr'><strong>restant,</strong></span> <span class='ocrx_word' id='word_1_60' title='bbox 694 1515 776 1576; x_wconf 87' lang='lat' dir='ltr'><strong>quae</strong></span> <span class='ocrx_word' id='word_1_61' title='bbox 799 1494 938 1577; x_wconf 85' lang='lat' dir='ltr'><strong>probent</strong></span> <span class='ocrx_word' id='word_1_62' title='bbox 959 1492 1062 1556; x_wconf 89' lang='lat' dir='ltr'><strong>futuri</strong></span> <span class='ocrx_word' id='word_1_63' title='bbox 1086 1496 1247 1577; x_wconf 88' lang='lat' dir='ltr'><strong>temporis</strong></span> <span class='ocrx_word' id='word_1_64' title='bbox 1265 1517 1333 1560; x_wconf 86' lang='lat' dir='ltr'><strong>sen·</strong></span> 
     </span>
     <span class='ocr_line' id='line_1_9' title="bbox 206 1598 1333 1686; baseline 0.003 -23"><span class='ocrx_word' id='word_1_65' title='bbox 206 1600 325 1664; x_wconf 87' lang='lat' dir='ltr'><strong>tentias</strong></span> <span class='ocrx_word' id='word_1_66' title='bbox 355 1600 587 1664; x_wconf 82' lang='lat' dir='ltr'><strong>condicionales</strong></span> <span class='ocrx_word' id='word_1_67' title='bbox 611 1601 651 1663; x_wconf 87' lang='lat' dir='ltr'><strong>ad</strong></span> <span class='ocrx_word' id='word_1_68' title='bbox 675 1600 910 1664; x_wconf 84' lang='lat' dir='ltr'><strong>coniunctirum</strong></span> <span class='ocrx_word' id='word_1_69' title='bbox 934 1598 1121 1674; x_wconf 87' lang='lat' dir='ltr'><strong>voluntatis,</strong></span> <span class='ocrx_word' id='word_1_70' title='bbox 1148 1601 1220 1665; x_wconf 87' lang='lat' dir='ltr'><strong>sive</strong></span> <span class='ocrx_word' id='word_1_71' title='bbox 1244 1624 1333 1686; x_wconf 87' lang='lat' dir='ltr'><strong>prae·</strong></span> 
     </span>
     <span class='ocr_line' id='line_1_10' title="bbox 207 1705 1331 1789; baseline 0.004 -19"><span class='ocrx_word' id='word_1_72' title='bbox 207 1707 332 1784; x_wconf 89' lang='lat' dir='ltr'><strong>cedunt,</strong></span> <span class='ocrx_word' id='word_1_73' title='bbox 368 1707 434 1771; x_wconf 86' lang='lat' dir='ltr'><strong>sive</strong></span> <span class='ocrx_word' id='word_1_74' title='bbox 470 1710 655 1789; x_wconf 87' lang='lat' dir='ltr'><strong>sequuntur,</strong></span> <span class='ocrx_word' id='word_1_75' title='bbox 679 1706 861 1786; x_wconf 83' lang='lat' dir='ltr'><strong>assimilari,</strong></span> <span class='ocrx_word' id='word_1_76' title='bbox 884 1728 987 1789; x_wconf 90' lang='lat' dir='ltr'><strong>neque</strong></span> <span class='ocrx_word' id='word_1_77' title='bbox 1011 1705 1111 1770; x_wconf 92' lang='lat' dir='ltr'><strong>ullam</strong></span> <span class='ocrx_word' id='word_1_78' title='bbox 1137 1709 1331 1774; x_wconf 81' lang='lat' dir='ltr'><strong>coniunctivi</strong></span> 
     </span>
     <span class='ocr_line' id='line_1_11' title="bbox 207 1813 1331 1897; baseline 0.002 -20"><span class='ocrx_word' id='word_1_79' title='bbox 207 1813 385 1896; x_wconf 86' lang='lat' dir='ltr'><strong>explicandi</strong></span> <span class='ocrx_word' id='word_1_80' title='bbox 420 1815 574 1878; x_wconf 84' lang='lat' dir='ltr'><strong>rationem</strong></span> <span class='ocrx_word' id='word_1_81' title='bbox 610 1814 775 1896; x_wconf 86' lang='lat' dir='ltr'><strong>patiantur</strong></span> <span class='ocrx_word' id='word_1_82' title='bbox 809 1816 938 1897; x_wconf 86' lang='lat' dir='ltr'><strong>praeter</strong></span> <span class='ocrx_word' id='word_1_83' title='bbox 972 1813 1138 1877; x_wconf 89' lang='lat' dir='ltr'><strong>modorum</strong></span> <span class='ocrx_word' id='word_1_84' title='bbox 1177 1815 1331 1879; x_wconf 81' lang='lat' dir='ltr'><strong>assimila·</strong></span> 
     </span>
     <span class='ocr_line' id='line_1_12' title="bbox 206 1920 336 1986; baseline 0.023 -4"><span class='ocrx_word' id='word_1_85' title='bbox 206 1920 336 1986; x_wconf 87' lang='lat' dir='ltr'><strong>tionem.</strong></span> 
     </span>
    </p>
   </div>
   <div class='ocr_carea' id='block_1_6' title="bbox 314 2112 1195 2182">
    <p class='ocr_par' dir='ltr' id='par_1_6' title="bbox 314 2112 1195 2182">
     <span class='ocr_line' id='line_1_13' title="bbox 314 2112 1195 2182; baseline 0.002 -4"><span class='ocrx_word' id='word_1_86' title='bbox 314 2117 345 2181; x_wconf 88' lang='grc'><strong>2.</strong></span> <span class='ocrx_word' id='word_1_87' title='bbox 391 2112 665 2179; x_wconf 82' lang='lat' dir='ltr'><strong>Universales</strong></span> <span class='ocrx_word' id='word_1_88' title='bbox 700 2114 935 2179; x_wconf 88' lang='lat' dir='ltr'><strong>sententiae</strong></span> <span class='ocrx_word' id='word_1_89' title='bbox 971 2114 1195 2182; x_wconf 82' lang='lat' dir='ltr'><strong>relativae.</strong></span> 
     </span>
    </p>
   </div>
   <div class='ocr_carea' id='block_1_7' title="bbox 313 2256 893 2322">
    <p class='ocr_par' dir='ltr' id='par_1_7' title="bbox 313 2256 893 2322">
     <span class='ocr_line' id='line_1_14' title="bbox 313 2256 893 2322; baseline 0.002 -1"><span class='ocrx_word' id='word_1_90' title='bbox 313 2280 342 2322; x_wconf 87' lang='lat' dir='ltr'><strong>a.</strong></span> <span class='ocrx_word' id='word_1_91' title='bbox 388 2256 569 2322; x_wconf 87' lang='lat' dir='ltr'><strong>Praesentis</strong></span> <span class='ocrx_word' id='word_1_92' title='bbox 593 2258 811 2322; x_wconf 85' lang='lat' dir='ltr'><strong>coniunctivus</strong></span> <span class='ocrx_word' id='word_1_93' title='bbox 835 2260 893 2322; x_wconf 89' lang='lat' dir='ltr'><strong>est.</strong></span> 
     </span>
    </p>
   </div>
   <div class='ocr_carea' id='block_1_8' title="bbox 313 2380 911 2572">
    <p class='ocr_par' dir='ltr' id='par_1_8' title="bbox 313 2380 911 2572">
     <span class='ocr_line' id='line_1_15' title="bbox 313 2380 911 2465; baseline 0.005 -20"><span class='ocrx_word' id='word_1_94' title='bbox 313 2380 464 2465; x_wconf 86' lang='lat' dir='ltr'><strong>Optativa</strong></span> <span class='ocrx_word' id='word_1_95' title='bbox 488 2386 537 2445; x_wconf 89' lang='lat' dir='ltr'><strong>est</strong></span> <span class='ocrx_word' id='word_1_96' title='bbox 559 2382 712 2465; x_wconf 85' lang='lat' dir='ltr'><strong>primaria</strong></span> <span class='ocrx_word' id='word_1_97' title='bbox 736 2384 911 2449; x_wconf 87' lang='lat' dir='ltr'><strong>sententia:</strong></span> 
     </span>
     <span class='ocr_line' id='line_1_16' title="bbox 314 2489 813 2572; baseline 0 -20"><span class='ocrx_word' id='word_1_98' title='bbox 314 2490 463 2572; x_wconf 84' lang='lat' dir='ltr'><strong>Sequitur</strong></span> <span class='ocrx_word' id='word_1_99' title='bbox 486 2489 621 2553; x_wconf 85' lang='lat' dir='ltr'><strong>relativa</strong></span> <span class='ocrx_word' id='word_1_100' title='bbox 644 2490 813 2553; x_wconf 84' lang='lat' dir='ltr'><strong>sententia.</strong></span> 
     </span>
    </p>
   </div>
   <div class='ocr_carea' id='block_1_9' title="bbox 206 2594 1073 2767">
    <p class='ocr_par' dir='ltr' id='par_1_9' title="bbox 206 2594 1073 2767">
     <span class='ocr_line' id='line_1_17' title="bbox 206 2594 1073 2682; baseline 0.003 -23"><span class='ocrx_word' id='word_1_101' title='bbox 206 2595 263 2660; x_wconf 83' lang='lat' dir='ltr'><strong>As.</strong></span> <span class='ocrx_word' id='word_1_102' title='bbox 287 2596 340 2659; x_wconf 91' lang='grc'><strong>44.</strong></span> <span class='ocrx_word' id='word_1_103' title='bbox 422 2594 467 2659; x_wconf 82' lang='lat' dir='ltr'><strong>Di</strong></span> <span class='ocrx_word' id='word_1_104' title='bbox 490 2594 546 2658; x_wconf 83' lang='lat' dir='ltr'><strong>tibi</strong></span> <span class='ocrx_word' id='word_1_105' title='bbox 570 2596 641 2658; x_wconf 86' lang='lat' dir='ltr'><strong>deut</strong></span> <span class='ocrx_word' id='word_1_106' title='bbox 664 2616 940 2682; x_wconf 77' lang='lat' dir='ltr'><strong>quaequomque</strong></span> <span class='ocrx_word' id='word_1_107' title='bbox 962 2605 1073 2681; x_wconf 82' lang='lat' dir='ltr'><strong>optes.</strong></span> 
     </span>
     <span class='ocr_line' id='line_1_18' title="bbox 207 2702 497 2767; baseline 0.003 -1"><span class='ocrx_word' id='word_1_108' title='bbox 207 2702 274 2766; x_wconf 89' lang='lat' dir='ltr'><strong>Mil.</strong></span> <span class='ocrx_word' id='word_1_109' title='bbox 302 2703 387 2767; x_wconf 90' lang='grc'><strong>1038</strong></span> <span class='ocrx_word' id='word_1_110' title='bbox 411 2703 497 2767; x_wconf 89' lang='lat' dir='ltr'><strong>item.</strong></span> 
     </span>
    </p>
   </div>
   <div class='ocr_carea' id='block_1_10' title="bbox 207 2808 1330 3106">
    <p class='ocr_par' dir='ltr' id='par_1_10' title="bbox 207 2808 1330 3106">
     <span class='ocr_line' id='line_1_19' title="bbox 207 2808 1330 2898; baseline 0.004 -25"><span class='ocrx_word' id='word_1_111' title='bbox 207 2809 258 2874; x_wconf 88' lang='lat' dir='ltr'><strong>Ps.</strong></span> <span class='ocrx_word' id='word_1_112' title='bbox 284 2810 358 2874; x_wconf 87' lang='grc'><strong>937.</strong></span> <span class='ocrx_word' id='word_1_113' title='bbox 424 2810 561 2873; x_wconf 84' lang='lat' dir='ltr'><strong>Tautum</strong></span> <span class='ocrx_word' id='word_1_114' title='bbox 585 2808 641 2872; x_wconf 82' lang='lat' dir='ltr'><strong>u‘u</strong></span> <span class='ocrx_word' id='word_1_115' title='bbox 664 2809 735 2873; x_wconf 84' lang='lat' dir='ltr'><strong>boui</strong></span> <span class='ocrx_word' id='word_1_116' title='bbox 759 2809 793 2874; x_wconf 78' lang='lat' dir='ltr'><strong>dt</strong></span> <span class='ocrx_word' id='word_1_117' title='bbox 815 2808 1008 2874; x_wconf 82' lang='lat' dir='ltr'><strong>immortates</strong></span> <span class='ocrx_word' id='word_1_118' title='bbox 1029 2809 1133 2891; x_wconf 81' lang='lat' dir='ltr'><strong>duint,</strong></span> <span class='ocrx_word' id='word_1_119' title='bbox 1151 2822 1330 2898; x_wconf 84' lang='lat' dir='ltr'><strong>quantum</strong></span> 
     </span>
     <span class='ocr_line' id='line_1_20' title="bbox 526 2914 827 3000; baseline 0.007 -22"><span class='ocrx_word' id='word_1_120' title='bbox 526 2924 560 2979; x_wconf 88' lang='lat' dir='ltr'><strong>tu</strong></span> <span class='ocrx_word' id='word_1_121' title='bbox 584 2915 641 2980; x_wconf 80' lang='lat' dir='ltr'><strong>u‘u‘</strong></span> <span class='ocrx_word' id='word_1_122' title='bbox 664 2923 773 3000; x_wconf 77' lang='lat' dir='ltr'><strong>optes.</strong></span> <span class='ocrx_word' id='word_1_123' title='bbox 825 2914 827 2918; x_wconf 55' lang='lat'>&#39;</span> 
     </span>
     <span class='ocr_line' id='line_1_21' title="bbox 312 3040 873 3106; baseline 0.004 -2"><span class='ocrx_word' id='word_1_124' title='bbox 312 3040 362 3104; x_wconf 89' lang='lat' dir='ltr'><strong>De</strong></span> <span class='ocrx_word' id='word_1_125' title='bbox 386 3040 558 3105; x_wconf 87' lang='lat' dir='ltr'><strong>indicativo</strong></span> <span class='ocrx_word' id='word_1_126' title='bbox 583 3063 611 3105; x_wconf 85' lang='lat' dir='ltr'><strong>v.</strong></span> <span class='ocrx_word' id='word_1_127' title='bbox 637 3042 701 3106; x_wconf 89' lang='lat'><strong>938</strong></span> <span class='ocrx_word' id='word_1_128' title='bbox 725 3066 753 3106; x_wconf 87' lang='lat' dir='ltr'><strong>v.</strong></span> <span class='ocrx_word' id='word_1_129' title='bbox 779 3043 873 3106; x_wconf 86' lang='lat' dir='ltr'><strong>infra.</strong></span> 
     </span>
    </p>
   </div>
   <div class='ocr_carea' id='block_1_11' title="bbox 206 3146 1258 3235">
    <p class='ocr_par' dir='ltr' id='par_1_11' title="bbox 206 3146 1258 3235">
     <span class='ocr_line' id='line_1_22' title="bbox 206 3146 1258 3235; baseline 0.004 -24"><span class='ocrx_word' id='word_1_130' title='bbox 206 3146 294 3212; x_wconf 81' lang='lat' dir='ltr'><strong>Trin.</strong></span> <span class='ocrx_word' id='word_1_131' title='bbox 319 3147 395 3211; x_wconf 89' lang='grc'><strong>436.</strong></span> <span class='ocrx_word' id='word_1_132' title='bbox 421 3147 466 3210; x_wconf 80' lang='lat' dir='ltr'><strong>Di</strong></span> <span class='ocrx_word' id='word_1_133' title='bbox 489 3148 581 3210; x_wconf 87' lang='lat' dir='ltr'><strong>duint</strong></span> <span class='ocrx_word' id='word_1_134' title='bbox 607 3146 677 3212; x_wconf 71' lang='lat' dir='ltr'><strong>Teu·</strong></span> <span class='ocrx_word' id='word_1_135' title='bbox 701 3147 816 3229; x_wconf 80' lang='lat' dir='ltr'><strong>Putuo,</strong></span> <span class='ocrx_word' id='word_1_136' title='bbox 842 3170 1118 3235; x_wconf 81' lang='lat' dir='ltr'><strong>quaequomque</strong></span> <span class='ocrx_word' id='word_1_137' title='bbox 1142 3158 1258 3235; x_wconf 84' lang='lat' dir='ltr'><strong>optes.</strong></span> 
     </span>
    </p>
   </div>
   <div class='ocr_carea' id='block_1_12' title="bbox 206 3251 1106 3444">
    <p class='ocr_par' dir='ltr' id='par_1_12' title="bbox 206 3251 1106 3444">
     <span class='ocr_line' id='line_1_23' title="bbox 427 3251 1106 3338; baseline 0.006 -22"><span class='ocrx_word' id='word_1_138' title='bbox 427 3251 523 3337; x_wconf 87' lang='lat' dir='ltr'><strong>[duut</strong></span> <span class='ocrx_word' id='word_1_139' title='bbox 545 3253 583 3329; x_wconf 92' lang='grc' dir='ltr'><strong>Β,</strong></span> <span class='ocrx_word' id='word_1_140' title='bbox 607 3252 699 3317; x_wconf 83' lang='lat' dir='ltr'><strong>diunt</strong></span> <span class='ocrx_word' id='word_1_141' title='bbox 722 3253 803 3338; x_wconf 63' lang='grc' dir='ltr'><strong>ΖΚ]</strong></span> <span class='ocrx_word' id='word_1_142' title='bbox 850 3254 906 3320; x_wconf 85' lang='lat' dir='ltr'><strong>cfr</strong></span> <span class='ocrx_word' id='word_1_143' title='bbox 930 3255 1005 3321; x_wconf 80' lang='lat' dir='ltr'><strong>cist</strong></span> <span class='ocrx_word' id='word_1_144' title='bbox 1030 3257 1106 3321; x_wconf 84' lang='lat'>497.</span> 
     </span>
     <span class='ocr_line' id='line_1_24' title="bbox 206 3359 803 3444; baseline 0 -20"><span class='ocrx_word' id='word_1_145' title='bbox 206 3360 266 3444; x_wconf 79' lang='lat' dir='ltr'><strong>up.</strong></span> <span class='ocrx_word' id='word_1_146' title='bbox 292 3360 321 3423; x_wconf 84' lang='lat'><strong>6.</strong></span> <span class='ocrx_word' id='word_1_147' title='bbox 420 3359 803 3444; x_wconf 78' lang='lat' dir='ltr'><strong>Dideutquaeuetis.</strong></span> 
     </span>
    </p>
   </div>
   <div class='ocr_carea' id='block_1_13' title="bbox 206 3465 1158 3545">
    <p class='ocr_par' dir='ltr' id='par_1_13' title="bbox 206 3465 1158 3545">
     <span class='ocr_line' id='line_1_25' title="bbox 206 3465 1158 3545; baseline 0.001 -13"><span class='ocrx_word' id='word_1_148' title='bbox 206 3466 304 3532; x_wconf 85' lang='lat' dir='ltr'><strong>Persa</strong></span> <span class='ocrx_word' id='word_1_149' title='bbox 328 3467 402 3545; x_wconf 88' lang='grc'><strong>483,</strong></span> <span class='ocrx_word' id='word_1_150' title='bbox 428 3465 524 3530; x_wconf 88' lang='lat' dir='ltr'><strong>Poen.</strong></span> <span class='ocrx_word' id='word_1_151' title='bbox 551 3468 647 3543; x_wconf 84' lang='lat'>1055,</span> <span class='ocrx_word' id='word_1_152' title='bbox 673 3466 718 3533; x_wconf 86' lang='lat' dir='ltr'><strong>St.</strong></span> <span class='ocrx_word' id='word_1_153' title='bbox 744 3468 819 3545; x_wconf 90' lang='grc'><strong>469,</strong></span> <span class='ocrx_word' id='word_1_154' title='bbox 844 3468 932 3532; x_wconf 84' lang='lat' dir='ltr'><strong>Trin.</strong></span> <span class='ocrx_word' id='word_1_155' title='bbox 959 3470 1044 3533; x_wconf 87' lang='grc'>1152</span> <span class='ocrx_word' id='word_1_156' title='bbox 1068 3469 1158 3533; x_wconf 89' lang='lat' dir='ltr'><strong>item.</strong></span> 
     </span>
    </p>
   </div>
   <div class='ocr_carea' id='block_1_14' title="bbox 205 3590 1326 3997">
    <p class='ocr_par' dir='ltr' id='par_1_14' title="bbox 205 3590 1326 3997">
     <span class='ocr_line' id='line_1_26' title="bbox 312 3590 1177 3676; baseline 0.002 -21"><span class='ocrx_word' id='word_1_157' title='bbox 312 3590 482 3667; x_wconf 82' lang='lat' dir='ltr'><strong>Qualitatis</strong></span> <span class='ocrx_word' id='word_1_158' title='bbox 506 3593 626 3656; x_wconf 90' lang='lat' dir='ltr'><strong>notioni</strong></span> <span class='ocrx_word' id='word_1_159' title='bbox 650 3593 868 3657; x_wconf 83' lang='lat' dir='ltr'><strong>coniunctivus</strong></span> <span class='ocrx_word' id='word_1_160' title='bbox 892 3593 990 3658; x_wconf 87' lang='lat' dir='ltr'><strong>tribui</strong></span> <span class='ocrx_word' id='word_1_161' title='bbox 1014 3595 1119 3676; x_wconf 87' lang='lat' dir='ltr'><strong>potest</strong></span> <span class='ocrx_word' id='word_1_162' title='bbox 1143 3594 1177 3657; x_wconf 89' lang='lat' dir='ltr'><strong>in</strong></span> 
     </span>
     <span class='ocr_line' id='line_1_27' title="bbox 205 3697 1147 3763; baseline -0.001 -1"><span class='ocrx_word' id='word_1_163' title='bbox 205 3697 303 3762; x_wconf 90' lang='lat' dir='ltr'><strong>Poen.</strong></span> <span class='ocrx_word' id='word_1_164' title='bbox 322 3701 396 3763; x_wconf 84' lang='lat'><strong>859.</strong></span> <span class='ocrx_word' id='word_1_165' title='bbox 421 3697 485 3762; x_wconf 84' lang='lat' dir='ltr'><strong>Dei</strong></span> <span class='ocrx_word' id='word_1_166' title='bbox 510 3734 550 3743; x_wconf 89' lang='lat'><strong>-·</strong></span> <span class='ocrx_word' id='word_1_167' title='bbox 575 3707 678 3762; x_wconf 76' lang='lat' dir='ltr'><strong>crueut</strong></span> <span class='ocrx_word' id='word_1_168' title='bbox 701 3735 741 3744; x_wconf 96' lang='lat'>—</span> <span class='ocrx_word' id='word_1_169' title='bbox 1143 3755 1147 3761; x_wconf 84' lang='lat'><strong>.</strong></span> 
     </span>
     <span class='ocr_line' id='line_1_28' title="bbox 433 3803 1326 3893; baseline 0.002 -26"><span class='ocrx_word' id='word_1_170' title='bbox 433 3805 445 3887; x_wconf 84' lang='grc'><strong>11</strong></span> <span class='ocrx_word' id='word_1_171' title='bbox 467 3804 562 3885; x_wconf 76' lang='lat' dir='ltr'><strong>Quem</strong></span> <span class='ocrx_word' id='word_1_172' title='bbox 586 3813 689 3868; x_wconf 87' lang='lat' dir='ltr'><strong>cmeut</strong></span> <span class='ocrx_word' id='word_1_173' title='bbox 713 3841 753 3850; x_wconf 92' lang='lat'>—</span> <span class='ocrx_word' id='word_1_174' title='bbox 765 3806 782 3868; x_wconf 73' lang='lat'><strong>,2</strong></span> <span class='ocrx_word' id='word_1_175' title='bbox 796 3805 808 3888; x_wconf 83' lang='grc' dir='ltr'><strong>ΙΙ</strong></span> <span class='ocrx_word' id='word_1_176' title='bbox 825 3803 972 3890; x_wconf 79' lang='lat' dir='ltr'><strong>Aliquem</strong></span> <span class='ocrx_word' id='word_1_177' title='bbox 988 3828 1020 3870; x_wconf 86' lang='lat' dir='ltr'><strong>eo</strong></span> <span class='ocrx_word' id='word_1_178' title='bbox 1036 3804 1152 3890; x_wconf 80' lang='lat' dir='ltr'><strong>diqnus</strong></span> <span class='ocrx_word' id='word_1_179' title='bbox 1163 3807 1234 3893; x_wconf 83' lang='lat' dir='ltr'><strong>qui</strong></span> <span class='ocrx_word' id='word_1_180' title='bbox 1248 3806 1326 3872; x_wconf 83' lang='lat' dir='ltr'><strong>siet.</strong></span> 
     </span>
     <span class='ocr_line' id='line_1_29' title="bbox 313 3900 1325 3997; baseline 0.003 -22"><span class='ocrx_word' id='word_1_181' title='bbox 313 3910 362 3975; x_wconf 88' lang='lat' dir='ltr'><strong>Dc</strong></span> <span class='ocrx_word' id='word_1_182' title='bbox 385 3909 472 3975; x_wconf 84' lang='lat' dir='ltr'><strong>Trin.</strong></span> <span class='ocrx_word' id='word_1_183' title='bbox 499 3913 572 3988; x_wconf 83' lang='lat'>715,</span> <span class='ocrx_word' id='word_1_184' title='bbox 597 3912 652 3975; x_wconf 89' lang='lat' dir='ltr'><strong>ubi</strong></span> <span class='ocrx_word' id='word_1_185' title='bbox 676 3913 840 3996; x_wconf 86' lang='lat' dir='ltr'><strong>praecedit</strong></span> <span class='ocrx_word' id='word_1_186' title='bbox 863 3912 919 3977; x_wconf 89' lang='lat' dir='ltr'><strong>rel.</strong></span> <span class='ocrx_word' id='word_1_187' title='bbox 941 3917 1021 3976; x_wconf 90' lang='lat' dir='ltr'><strong>sent.</strong></span> <span class='ocrx_word' id='word_1_188' title='bbox 1038 3912 1124 3976; x_wconf 85' lang='lat' dir='ltr'><strong>infra</strong></span> <span class='ocrx_word' id='word_1_189' title='bbox 1145 3900 1325 3997; x_wconf 87' lang='lat' dir='ltr'><strong>disputabo.</strong></span> 
     </span>
    </p>
   </div>
   <div class='ocr_carea' id='block_1_15' title="bbox 204 4033 1327 4331">
    <p class='ocr_par' dir='ltr' id='par_1_15' title="bbox 204 4033 1327 4331">
     <span class='ocr_line' id='line_1_30' title="bbox 312 4033 1142 4120; baseline 0 -20"><span class='ocrx_word' id='word_1_190' title='bbox 312 4033 391 4100; x_wconf 77' lang='lat' dir='ltr'><strong>Cum</strong></span> <span class='ocrx_word' id='word_1_191' title='bbox 414 4034 465 4098; x_wconf 90' lang='lat' dir='ltr'><strong>his</strong></span> <span class='ocrx_word' id='word_1_192' title='bbox 489 4036 641 4119; x_wconf 82' lang='lat' dir='ltr'><strong>exemptis</strong></span> <span class='ocrx_word' id='word_1_193' title='bbox 664 4035 690 4098; x_wconf 89' lang='lat' dir='ltr'><strong>si</strong></span> <span class='ocrx_word' id='word_1_194' title='bbox 715 4037 794 4100; x_wconf 89' lang='lat' dir='ltr'><strong>haec</strong></span> <span class='ocrx_word' id='word_1_195' title='bbox 818 4037 880 4100; x_wconf 91' lang='lat' dir='ltr'><strong>duo</strong></span> <span class='ocrx_word' id='word_1_196' title='bbox 903 4057 1142 4120; x_wconf 83' lang='lat' dir='ltr'><strong>comparamus:</strong></span> 
     </span>
     <span class='ocr_line' id='line_1_31' title="bbox 204 4139 1005 4227; baseline 0.001 -23"><span class='ocrx_word' id='word_1_197' title='bbox 204 4139 261 4206; x_wconf 79' lang='lat' dir='ltr'><strong>As.</strong></span> <span class='ocrx_word' id='word_1_198' title='bbox 286 4141 360 4205; x_wconf 83' lang='lat'><strong>623.</strong></span> <span class='ocrx_word' id='word_1_199' title='bbox 416 4142 567 4205; x_wconf 82' lang='lat' dir='ltr'><strong>Dabuut</strong></span> <span class='ocrx_word' id='word_1_200' title='bbox 589 4141 624 4205; x_wconf 78' lang='lat' dir='ltr'><strong>dt</strong></span> <span class='ocrx_word' id='word_1_201' title='bbox 647 4164 738 4227; x_wconf 88' lang='lat' dir='ltr'><strong>quue</strong></span> <span class='ocrx_word' id='word_1_202' title='bbox 760 4140 891 4206; x_wconf 83' lang='lat' dir='ltr'><strong>uetitis</strong></span> <span class='ocrx_word' id='word_1_203' title='bbox 914 4140 1005 4206; x_wconf 82' lang='lat' dir='ltr'><strong>uobis.</strong></span> 
     </span>
     <span class='ocr_line' id='line_1_32' title="bbox 417 4246 1327 4331; baseline 0.002 -20"><span class='ocrx_word' id='word_1_204' title='bbox 417 4248 542 4311; x_wconf 82' lang='lat' dir='ltr'><strong>Noctem</strong></span> <span class='ocrx_word' id='word_1_205' title='bbox 566 4255 650 4311; x_wconf 88' lang='lat' dir='ltr'><strong>tuom</strong></span> <span class='ocrx_word' id='word_1_206' title='bbox 675 4256 703 4311; x_wconf 92' lang='lat' dir='ltr'><strong>et</strong></span> <span class='ocrx_word' id='word_1_207' title='bbox 725 4247 792 4312; x_wconf 80' lang='lat' dir='ltr'><strong>uiui</strong></span> <span class='ocrx_word' id='word_1_208' title='bbox 814 4249 928 4312; x_wconf 84' lang='lat' dir='ltr'><strong>cadum</strong></span> <span class='ocrx_word' id='word_1_209' title='bbox 951 4249 1051 4329; x_wconf 86' lang='lat' dir='ltr'><strong>uelim,</strong></span> <span class='ocrx_word' id='word_1_210' title='bbox 1067 4246 1097 4311; x_wconf 87' lang='grc'><strong>34</strong></span> <span class='ocrx_word' id='word_1_211' title='bbox 1115 4254 1224 4331; x_wconf 82' lang='lat' dir='ltr'><strong>optata</strong></span> <span class='ocrx_word' id='word_1_212' title='bbox 1237 4249 1327 4331; x_wconf 82' lang='lat' dir='ltr'><strong>ficut.</strong></span> 
     </span>
    </p>
   </div>
   <div class='ocr_carea' id='block_1_16' title="bbox 0 0 1542 5190">
    <p class='ocr_par' dir='ltr' id='par_1_16' title="bbox 0 0 1542 5190">
     <span class='ocr_line' id='line_1_33' title="bbox 0 0 1542 5190; baseline 0 1"><span class='ocrx_word' id='word_1_213' title='bbox 0 0 1542 5190; x_wconf 95' lang='lat' dir='ltr'><strong> </strong></span> 
     </span>
    </p>
   </div>
  </div>
 </body>
</html>
