3076 5190
679 559 854 624 ..93-

205 736 441 802 coniunctivum
475 735 528 799 hic
563 757 631 799 esse
667 735 921 820 intelligendum,
957 736 1013 800 uhi
1043 758 1085 800 ex
1109 737 1207 801 verbi
1231 737 1333 820 specie

205 866 257 908 res
280 866 341 907 non
364 843 464 926 possit
488 841 669 905 diiudicari:
696 841 761 904 764
770 842 827 903 -5
845 840 879 903 ni
895 839 1098 922 obolicrearit,
1117 841 1188 905 770
1206 840 1332 925 aspecit,

207 953 271 1018 782
294 951 402 1034 fuerit,
429 950 493 1015 794
516 949 655 1034 compsit,
680 950 745 1014 803
768 946 906 1022 iusserit,
930 947 997 1011 806
1015 946 1150 1013 dicerit.
1192 946 1255 1023 Qui
1271 970 1332 1012 mc

207 1061 265 1124 dus
288 1059 408 1142 optime
432 1080 489 1122 suo
513 1058 582 1121 loco
609 1060 668 1120 est.
709 1056 829 1140 Agitur
851 1054 936 1118 enim
961 1075 1022 1116 non
1046 1054 1087 1118 de
1111 1076 1196 1118 vera
1219 1054 1275 1118 sed
1299 1055 1333 1117 de

207 1167 349 1251 cogitata
372 1187 406 1229 re
430 1165 549 1229 futura.

313 1411 379 1478 Ubi
417 1414 661 1478 concessiva
699 1415 748 1477 est
786 1409 1013 1476 condicionalis
1051 1409 1237 1474 sententiae
1275 1410 1328 1487 vis,

207 1520 425 1584 coniunctivae
460 1521 550 1585 nobis
584 1520 722 1584 occurrit
756 1541 819 1582 non
847 1517 948 1582 solum
971 1517 1012 1580 ad
1037 1516 1184 1580 futurum
1208 1519 1328 1600 tempus

208 1627 382 1710 respiciens

207 1748 301 1816 'lhuc
319 1750 394 1815 855.
420 1750 463 1816 Si
497 1750 565 1813 eliu
598 1750 735 1814 marchan
768 1748 842 1812 tarro
875 1748 1060 1825 madeant,
1084 1768 1139 1811 cor
1162 1746 1206 1810 sit
1228 1748 1329 1810 saltem

527 1856 674 1937 sobrirnn,

207 1962 384 2026 sedetiam
408 1964 447 2027 ad
473 1985 624 2047 praesens

210 2086 412 2171 omphale.
426 2087 552 2167 Saltem,
577 2095 640 2150 tnte
662 2085 696 2149 si
717 2084 850 2170 pudoris
872 2106 993 2170 eqeos,
1017 2105 1127 2148 sumas
1149 2093 1298 2162 mutuom,

208 2193 260 2257 vel
284 2193 323 2257 ad
347 2194 524 2277 perfectum

208 2316 277 2381 Mil.
304 2316 377 2381 188.
422 2316 582 2401 Siquidem
622 2316 757 2380 centiens
795 2316 847 2381 ln'c
881 2315 970 2409 «visa
1011 2315 1078 2395 ait,
1118 2322 1227 2379 tomen
1260 2313 1329 2396 infi-

529 2422 592 2487 tias
614 2431 672 2487 cert.

317 2549 374 2611 Sed
400 2548 439 2612 ad
464 2548 626 2612 modorum
652 2549 875 2612 attractionem
896 2547 976 2611 haec
992 2547 1143 2630 exempla
1158 2547 1243 2611 nihil
1261 2569 1329 2631 pro-

211 2657 297 2733 bant,
332 2676 402 2719 cum
438 2657 509 2738 ipsa
543 2657 629 2719 notio
663 2656 845 2719 concessiva
880 2654 1039 2718 sufficiens
1069 2654 1113 2716 sit
1137 2653 1330 2718 coniunctivi

210 2761 382 2844 explicatio
406 2764 456 2842 (ut
483 2763 536 2825 As.
561 2763 636 2840 414,
662 2763 736 2837 933,
761 2759 835 2825 Aul.
861 2762 937 2839 421,
960 2760 1079 2824 Bacch.
1106 2761 1195 2825 1004
1221 2763 1305 2842 etc).

318 3043 498 3109 Praesentis
532 3046 738 3111 indicativum
770 3045 939 3109 assimilari
971 3066 1011 3108 ne
1045 3065 1083 3107 ea
1116 3045 1253 3128 quidem
1288 3046 1331 3109 lo·

211 3151 295 3214 cutio
329 3152 453 3234 prohat,
488 3174 570 3235 quae
605 3157 653 3217 est
687 3153 720 3216 in
755 3151 854 3216 Merc.
879 3151 944 3216 373
976 3150 1014 3217 Si
1036 3149 1155 3235 supina
1180 3173 1245 3230 eos,
1270 3153 1328 3217 801

211 3255 333 3339 Iubeas,
358 3255 387 3320 se‘
408 3256 526 3342 sapias,
551 3258 646 3323 Persa
665 3259 727 3323 797
753 3259 901 3342 [ueniunt
917 3257 991 3321 linc
1007 3254 1147 3339 auferere,
1168 3256 1331 3342 accepim,

211 3360 293 3426 Rud.
321 3364 405 3428 1228
434 3363 472 3430 Si
497 3364 605 3449 capnios
631 3364 750 3449 capion.
797 3366 828 3428 Si
853 3365 937 3429 enim
961 3386 1001 3428 cx
1024 3363 1259 3428 assimilatione
1282 3363 1331 3427 hic

211 3468 428 3534 coniunctivus
451 3476 539 3536 ortus
563 3475 620 3549 est,
644 3495 705 3536 non
730 3473 769 3536 ad
793 3472 970 3555 praesentis
994 3472 1049 3535 sed
1073 3472 1113 3535 ad
1130 3469 1234 3535 futuri
1251 3470 1331 3535 indi·

211 3574 350 3639 cativum
369 3579 539 3660 respondet
555 3580 650 3656 (utin
668 3578 784 3644 Bacch.
800 3579 952 3642 loni-2
969 3582 1017 3642 est
1040 3576 1143 3661 copies
1160 3581 1194 3641 et
1209 3576 1330 3661 sapiet).

213 3716 253 3726 -
278 3679 341 3746 Sed
364 3686 534 3748 ostendunt
558 3686 704 3769 exempla
727 3685 816 3760 talia,
841 3685 935 3769 quale
960 3688 1009 3748 est
1032 3683 1124 3767 Capt.
1151 3685 1216 3748 632
1242 3684 1294 3749 vel

349 3805 442 3872 Most.
468 3809 541 3873 895.
567 3808 604 3872 Se'
627 3808 749 3872 sobrius
771 3808 826 3890 sis,
850 3810 931 3872 oncle
955 3831 1028 3873 non
1060 3807 1191 3887 dicos,

212 3929 308 3992 etiam
343 3931 552 3996 condicionali
587 3933 787 3997 coniunctivo
823 3933 1035 3998 hortationem
1067 3934 1206 4018 exprimi
1230 3955 1329 4018 posse.

214 4070 254 4081 -
290 4035 396 4120 Atque
429 4039 553 4102 etiamsi
577 4039 703 4122 quando
728 4063 801 4104 vere
825 4041 976 4105 iussivum
1002 4063 1070 4104 esse
1094 4041 1330 4106 coniunctivum

212 4142 320 4224 arguit
342 4145 500 4226 particula
524 4167 569 4221 ne,
596 4146 688 4210 utin
1177 4135 1180 4139 ¹

301 4247 385 4313 Men.
411 4251 486 4314 502.
511 4249 548 4314 Se·
570 4273 697 4337 aequom
720 4250 833 4334 fociae,
859 4252 937 4317 mini
960 4252 1085 4318 edicens
1108 4275 1147 4317 nc
1168 4253 1240 4335 aies,
