3076 5190
678 572 876 652 -ne-

323 756 352 826 4.
400 762 595 828 Onusales
618 764 797 858 sententiae
821 785 894 829 snos
918 763 1029 830 modos
1052 766 1207 831 retinent.

215 886 297 953 Rud.
323 888 398 952 244.
434 887 481 951 Tu
504 887 587 969 faris
609 909 658 952 nee
680 889 803 973 quidem
825 897 861 953 ul
883 891 983 954 oioere
1006 911 1091 955 nune
1114 892 1220 974 eelim,

429 994 547 1074 Quom
570 993 651 1059 milei
674 1003 701 1059 te
724 995 820 1060 lieet
843 1004 978 1081 larome.

584 1099 701 1186 [Quom
724 1101 765 1179 A,
789 1123 885 1188 quam
907 1101 961 1188 P.]

214 1206 299 1272 Men.
324 1207 399 1273 832.
428 1207 514 1288 Quiri
535 1207 615 1272 milei
637 1207 763 1272 meliust
784 1229 889 1295 qnam,
906 1211 1032 1295 quando
1054 1209 1107 1274 illi
1130 1233 1183 1277 me
1200 1211 1335 1277 insanire

530 1315 727 1399 praedicant,

427 1421 497 1505 Eoo
518 1418 630 1508 me<d>
656 1420 841 1487 adsimulem
864 1421 1016 1488 insanire.

213 1527 269 1592 As.
295 1528 369 1592 832.
426 1527 560 1593 Possum
595 1564 635 1576 -
672 1529 817 1594 inducere
851 1532 1002 1609 animam,
1051 1553 1067 1596 e
1101 1553 1199 1617 aeqre
1220 1535 1333 1618 patior,

531 1634 606 1722 quio
631 1643 728 1699 tecum
751 1636 888 1719 accubat,
1357 1702 1360 1707 .

212 1740 328 1807 Baeoh.
347 1743 422 1807 521.
446 1742 587 1822 morato,
624 1741 779 1827 Chrysalo
810 1778 844 1788 -
874 1744 971 1808 Pater
993 1765 1032 1809 ne
1054 1754 1165 1811 noceat
1192 1783 1232 1793 —
1260 1747 1336 1834 quod

531 1869 600 1913 eum
623 1848 803 1932 ludificatus
826 1857 878 1914 est.

302 1956 397 2034 1019;
433 1953 489 2021 cfr
524 1955 585 2040 Ep.
616 1950 694 2032 456,'
727 1955 818 2040 capt.
855 1957 930 2022 430.
977 1955 1013 2022 In
1039 1957 1161 2025 Bneoh.
1190 1961 1276 2025 1072
1299 1982 1333 2024 ue

211 2063 369 2126 miremini
396 2061 486 2142 Quod
518 2083 581 2125 nou
615 2063 794 2147 triumpho:
823 2064 1077 2149 peroolqotnmsl,
1110 2062 1235 2151 Amph.
1263 2067 1332 2146 116,

212 2152 307 2233 Poen.
335 2169 419 2234 1373
455 2169 495 2233 ad
529 2169 657 2233 modum
688 2169 734 2233 nil
758 2170 901 2245 interest,
926 2175 1032 2235 utrum
1056 2171 1243 2238 absolutum
1268 2195 1332 2237 esse

210 2274 297 2340 diens
320 2275 555 2340 coniunctivum
579 2296 618 2339 ne
640 2274 802 2340 miremini
823 2275 966 2358 (mirere)
990 2300 1031 2342 nn
1054 2279 1199 2344 finalem.

209 2380 306 2447 Poen.
324 2383 400 2448 950.
426 2382 573 2446 Deos-
596 2404 722 2447 ueneror
745 2417 798 2462 -‚

428 2488 467 2553 Ul
489 2491 572 2575 quod
594 2490 631 2553 de
653 2510 722 2553 mea
745 2511 780 2554 re
802 2489 862 2554 leue
884 2493 963 2571 oeni,
987 2490 1048 2556 rite
1070 2492 1223 2560 venerim.

316 2632 346 2697 5.
393 2630 580 2698 concessiva
604 2635 653 2696 est
676 2636 768 2709 sent,
792 2655 874 2716 quse
899 2633 932 2697 in
956 2654 991 2697 re
1015 2655 1092 2699 vere
1116 2643 1282 2703 versatur:

208 2754 300 2840 Oapt.
318 2757 393 2821 321.
419 2755 470 2820 Ne
499 2755 600 2840 patri,
625 2756 747 2821 tametsi
769 2759 882 2822 urruns
909 2779 989 2835 sum,
1013 2759 1036 2841 †
1058 2759 1165 2825 decere
1188 2759 1330 2826 rideatur

527 2865 626 2948 noyn
649 2863 706 2929 Me
731 2899 772 2910 —
796 2867 922 2960 servire.

207 3073 273 3158 lb).
321 3074 564 3142 Indioativns
596 3077 635 3140 in
668 3076 843 3140 infinitis
866 3077 1092 3155 sententiis,
1121 3101 1221 3163 quae
1253 3103 1328 3146 eum

258 3184 433 3268 regentis
466 3183 707 3248 ooninnotivi
739 3187 910 3268 tempore
943 3205 1019 3248 nou
1051 3192 1284 3271 congruunt.

314 3345 342 3408 1.
390 3342 687 3409 condicionales
711 3345 900 3410 sententiae.

312 3507 340 3549 a.
388 3484 528 3550 Perfeoti
551 3486 616 3550 ind.
641 3508 768 3570 semper
790 3487 956 3553 retinetur.

311 3610 542 3676 Detestationis
576 3611 723 3695 exempla
749 3612 803 3675 rix
826 3634 905 3696 opus
928 3616 978 3677 est
1002 3634 1255 3682 commemorare
1278 3621 1328 3683 ut:

204 3733 290 3800 Men.
316 3736 457 3800 816-7.
493 3734 531 3801 Si
552 3771 595 3781 -
617 3736 777 3820 penetrari
802 3771 842 3782 ·-
866 3744 975 3822 exopto
996 3744 1032 3801 ut
1053 3737 1133 3820 fiom
1157 3775 1199 3784 -
1223 3743 1329 3805 miser·

204 3862 326 3908 rumas.

310 3966 386 4031 Post
408 3968 437 4030 si
450 3993 491 4020 =
504 3988 597 4032 wenn
620 3965 766 4032 wirklioh
791 3971 840 4032 est
862 3967 929 4034 ind.
951 3968 985 4032 in

204 4072 321 4138 Baoeh.
338 4073 414 4138 528.
439 4073 528 4137 Nom
561 4073 645 4137 illud
678 4072 806 4138 animus
835 4095 920 4139 mens
943 4076 1092 4151 miratur,
1116 4074 1147 4139 si
1169 4098 1191 4140 a.
1215 4099 1263 4142 me
1285 4085 1327 4142 te-

521 4178 592 4264 troie
614 4182 755 4259 nuntius,
784 4180 869 4262 Quid
891 4189 1073 4247 remoretur.

338 4285 439 4370 [nureo
461 4287 537 4351 illue
561 4323 602 4332 -
626 4285 743 4352 stiam
767 4289 865 4372 teliyil
888 4288 928 4366 A,
953 4296 1132 4354 remoratur
1148 4287 1192 4374 P]
