3076 5190
668 571 866 642 -114-

169 833 171 838 ¹
206 753 297 839 capt.
321 757 396 822 909.
421 756 579 840 Diespiter
609 763 636 819 ie
659 757 776 840 deique,
801 755 961 840 Erpesiie,
981 757 1121 840 perderet
1146 765 1176 821 et
1199 765 1334 823 venirem

525 870 609 926 tuom

421 967 645 1053 Parosiiosque
667 971 767 1033 monis
790 973 903 1054 etqui
924 970 1079 1054 postiae
1101 992 1216 1036 cenom
1237 994 1335 1056 pare·

525 1078 595 1140 sitis
617 1076 730 1140 dabit.

313 1206 415 1285 Supra
450 1201 516 1265 dixi
552 1223 590 1264 ex
620 1199 681 1265 hoc
706 1201 852 1284 exemplo
875 1202 968 1280 effici,
992 1205 1029 1266 ut
1051 1203 1150 1266 etiam
1176 1205 1211 1267 in
1237 1203 1331 1267 Poen.

163 1315 165 1318 ’
207 1309 358 1373 449-51
384 1309 576 1372 indicativus
599 1307 827 1393 intelligendus
851 1313 935 1372 esset
958 1309 1173 1390 (immolarit).

206 1432 275 1498 Mil.
300 1434 375 1498 572.
422 1430 632 1508 Posttae¹)
667 1433 760 1496 etiarn
783 1433 866 1496 iliud
892 1434 995 1518 quod
1023 1436 1126 1497 scies
1155 1438 1330 1512 nesciwris,

422 1540 489 1604 Nee
511 1540 628 1604 videris
648 1540 731 1625 quod
752 1539 877 1603 nider-is.

420 1644 573 1730 [Posthac
596 1645 624 1709 A
644 1646 806 1730 posthaec
829 1645 855 1710 P
879 1667 934 1710 nee
957 1645 987 1710 A
1010 1668 1048 1710 ne
1071 1645 1114 1730 P]

206 1755 369 1844 (=etipm
392 1754 427 1817 id
448 1754 530 1839 quod
552 1761 661 1816 certo
683 1754 796 1816 scies.
842 1751 908 1817 cfr.
933 1750 980 1817 St.
1006 1753 1080 1819 149.
1105 1775 1205 1840 neque
1229 1763 1264 1818 tu
1286 1777 1329 1818 me

390 1861 516 1924 celassis
538 1860 620 1944 quod
642 1860 723 1922 scies
736 1886 777 1911 =
790 1860 819 1922 si
842 1859 918 1944 quid
938 1859 1022 1940 forte
1044 1860 1148 1940 scies.)

312 1983 511 2069 Quamquam
546 1985 578 2047 in
613 1983 674 2048 hoc
709 1983 856 2066 exemplo
891 2006 988 2068 aegre
1019 1985 1191 2048 diiudicari
1215 1990 1327 2069 potest,

206 2095 312 2157 utrum
328 2093 465 2176 perfecti
482 2093 700 2156 coniunctivus
716 2113 756 2154 an
773 2091 914 2154 futurum
933 2096 1077 2155 exactum
1095 2092 1139 2154 sit
1154 2095 1326 2172 nesciveris,

207 2221 279 2264 cum
302 2199 474 2284 praecedat
496 2200 679 2282 comprimes
701 2197 891 2262 hortationis
916 2199 982 2262 fere
1007 2199 1038 2262 vi
1062 2200 1257 2282 praeditum.

313 2433 344 2496 2.
390 2431 711 2497 condicionales
734 2431 922 2494 sententiae.

312 2553 508 2620 Indicativus
542 2556 575 2620 in
610 2555 881 2620 condicionalibus
908 2555 1075 2618 sententiis
1097 2576 1229 2640 semper
1251 2544 1325 2621 reti·
1364 2558 1369 2572 '

206 2669 309 2744 netur,
321 2664 347 2727 si
373 2663 549 2747 praesentis
573 2668 628 2726 aut
651 2663 817 2746 praeteriti
840 2662 994 2745 temporis
1019 2665 1102 2743 sunt,
1119 2684 1195 2729 raro
1211 2667 1323 2728 autem.

206 2774 239 2835 et
272 2771 401 2855 quidem
435 2771 482 2834 rei
516 2769 686 2834 veritatem
713 2769 891 2845 intendens,
920 2769 947 2831 si
971 2770 1011 2833 ad
1035 2769 1179 2832 futurum
1204 2774 1325 2854 tempus

205 2880 353 2961 spectant
376 2879 417 2960 (si
429 2904 470 2930 =
484 2898 572 2941 werin
596 2875 763 2957 reirlriiet).

312 2983 455 3048 Primum
490 2983 710 3048 detestationis
733 2982 885 3047 formulas
909 2982 1116 3066 excipiamus,
1139 3005 1225 3066 quae
1248 3005 1323 3048 sem-

205 3114 273 3176 per,
290 3091 515 3174 euiuscumque
531 3090 685 3174 temporis
701 3094 784 3169 sunt,
801 3089 1009 3154 indicativum
1025 3090 1192 3172 praebent.
1233 3090 1323 3156 Cuius

205 3199 369 3263 indicativi
404 3197 487 3261 ratio
521 3199 634 3280 aperta
668 3199 726 3259 est.
773 3193 859 3260 Vere
883 3197 967 3259 enim
992 3196 1038 3259 ait
1060 3194 1322 3281 Reisig-Haase

207 3328 238 3389 p.
255 3305 332 3370 539:
359 3304 441 3383 ,Die
469 3302 721 3386 Verwetnsetenp
743 3303 816 3366 oder
840 3302 1039 3387 Betererrrp
1061 3304 1120 3366 soli
1142 3324 1210 3367 rerer
1229 3305 1322 3389 priten

205 3419 298 3476 uerter
321 3411 376 3474 der
400 3410 587 3495 Bedinpurrp
609 3411 665 3474 cler
695 3407 980 3474 Wirtlictlceit
1003 3411 1089 3473 einer
1110 3408 1243 3476 sacer.
1368 3435 1372 3444 ·

313 3516 397 3593 Quin
430 3539 494 3581 non
529 3516 633 3602 magis
668 3516 784 3581 mirum
818 3519 868 3581 eet
898 3516 1107 3601 indicativum
1133 3518 1321 3584 usuvenire

206 3648 245 3692 er
269 3646 318 3711 gr.
342 3623 376 3688 in
1195 3654 1198 3659 ·

159 3756 166 3771 ·
205 3731 281 3798 Aul.
305 3732 380 3796 645.
420 3729 467 3794 Di
488 3751 536 3794 me
555 3731 701 3814 perdent,
725 3728 754 3792 si
777 3750 829 3814 epo
852 3731 901 3793 tui
922 3730 1089 3815 quiequam
1111 3729 1238 3795 obstuli.
1282 3748 1290 3765 “

205 3837 293 3905 Trin.
318 3838 393 3904 992.
417 3836 465 3901 Di
487 3844 515 3900 te
534 3837 669 3921 perdunt
691 3838 720 3900 si
743 3843 770 3900 te
791 3836 880 3919 flocci
900 3836 995 3918 facio,
1022 3835 1071 3900 val
1098 3835 1181 3901 Rue.
1207 3838 1283 3903 569.

205 3944 300 4012 Most.
323 3945 398 4011 192.
423 3944 469 4009 Di
505 3980 545 3990 -
580 3964 628 4007 ore
661 3979 705 3989 -
740 3942 948 4025 interficient„
964 3945 1029 4006 risi
1061 3979 1101 3988 -
1132 3945 1322 4026 interfecero,

205 4053 257 4119 vel
279 4051 398 4138 Amph.
425 4053 567 4132 672-3,

312 4211 332 4279 ¹)
356 4213 484 4266 Verbum
499 4210 613 4280 posthae
630 4214 708 4263 recte
728 4210 818 4263 Gnate
837 4210 1058 4276 insequentibus
1077 4209 1221 4278 adiunxit,
1242 4225 1325 4279 prave

206 4301 264 4354 Iao
283 4301 371 4368 priori
390 4302 496 4368 versui,
515 4301 564 4367 qui
583 4301 730 4367 perfectus
748 4304 872 4353 estnon
890 4300 987 4353 minus
1006 4315 1092 4366 quam
1111 4315 1137 4352 v.
1158 4299 1220 4353 293.
