3076 5190
603 572 778 655 *Ji-⁴

131 754 201 838 (tas
217 772 298 856 prole
315 773 346 834 5.
371 768 435 852 Qui
457 776 593 834 utuntur
615 767 686 834 nino
709 777 806 836 vetere
829 766 980 854 snpientia
997 761 1076 854 puto

365 876 411 941 Et
433 875 489 962 qui
511 875 650 940 lubenter
671 883 783 940 veteres
805 882 942 960 spectem
964 875 1101 958 sabulos.

131 984 229 1050 Mero.
257 986 330 1050 148.
363 984 434 1070 Epo
468 984 579 1049 bonum
602 984 720 1048 malurn
743 1004 803 1069 quo
826 981 942 1047 accedit
965 980 1044 1047 mihi
1067 981 1142 1049 dori
1164 983 1252 1048 hond

473 1089 621 1155 desidero.

132 1194 230 1261 Persa
243 1197 361 1264 65-7.
386 1195 528 1279 (animus
550 1195 661 1262 induci
679 1204 831 1281 potest=
844 1218 971 1282 possum
993 1197 1128 1280 medere)

132 1301 219 1367 Trin.
244 1304 296 1369 54.
343 1301 382 1369 In
405 1303 457 1369 Ps.
484 1304 658 1369 1259-64
682 1304 829 1369 iunctura
852 1327 914 1369 non
938 1305 1016 1369 satis
1039 1308 1175 1371 constat.

107 1454 112 1461 '
238 1443 339 1513 India.
363 1447 464 1512 futuri
486 1450 510 1511 t.
535 1451 593 1512 est.

133 1569 204 1634 Cas.
230 1572 304 1636 221.
345 1572 428 1636 Nom
462 1570 516 1636 uei
550 1594 639 1636 amor
665 1571 894 1637 condimentum
919 1569 1065 1654 in[i]erit
1086 1572 1109 1654 †
1131 1570 1253 1657 quoivis

450 1678 641 1763 placituram
665 1679 764 1742 erecto.

134 1801 261 1886 [inierit
276 1802 375 1881 BEV,
392 1802 489 1868 inerit
506 1802 557 1868 iz
574 1803 632 1869 air.
649 1827 677 1867 v.
692 1804 758 1867 484
774 1801 930 1886 ntl'leeit,
942 1802 1136 1887 placiturum
1156 1800 1250 1886 [ΕΖ]

240 1911 431 1976 Emendatio
467 1934 574 1976 versus
602 1935 662 1976 non
686 1914 819 1976 constat.
865 1910 917 1975 Ex
939 1909 1026 1974 Trin.
1052 1909 1253 1975 723-41151

134 2018 278 2082 concludi
302 2021 416 2102 potest.

240 2266 387 2333 Vidimus
410 2268 511 2354 igitur
534 2271 606 2352 poet
629 2265 644 2331 I
668 2288 821 2352 personae
845 2265 953 2345 verba,
974 2286 1055 2349 quae
1072 2263 1251 2349 praesentis

134 2374 286 2458 temporis
325 2378 440 2454 essent,
480 2375 591 2439 eadem
629 2373 752 2439 ratione
790 2375 886 2456 atque
920 2375 992 2455 post
1025 2369 1251 2455 impersonalia

134 2480 232 2543 verba
267 2480 557 2546 coniunctivum
593 2501 651 2543 usu
686 2479 794 2543 venire
821 2478 853 2542 in
889 2474 1064 2541 infinitis
1098 2482 1253 2543 senten·

134 2586 224 2662 tiis,
260 2609 341 2670 quae
377 2588 416 2652 ad
450 2587 625 2651 infinitivos
648 2608 681 2650 se
706 2584 915 2669 applicarent,
939 2606 1133 2669 quamquam
1156 2585 1253 2649 etiam
1385 2610 1393 2629 ·

136 2691 237 2754 rarius
261 2690 323 2754 hio.
370 2689 503 2756 Nullum
529 2692 612 2756 enim
637 2693 686 2756 est
709 2693 830 2755 eertum
854 2690 1046 2755 coniunctivi
1070 2690 1253 2776 exemplum

135 2796 167 2860 in
204 2797 335 2881 periodo
369 2819 450 2881 quae
489 2801 555 2862 tota
583 2797 707 2861 infinita
730 2796 781 2873 sit,
806 2795 916 2881 quales
940 2797 1157 2862 coniunctiros
1181 2801 1254 2883 post

135 2903 361 2987 impersonalia
395 2907 494 2970 verba
528 2927 625 2989 supra
659 2904 795 2969 vidimus
823 2926 854 2988 p.
888 2904 1028 2970 17-19.
1075 2901 1138 2969 Sed
1174 2927 1254 2990 quos

138 3008 356 3074 coniunctivos
380 3014 451 3094 post
473 3008 489 3074 Ι
512 3031 666 3094 personae
690 3011 789 3074 verba
811 3009 875 3073 iam
890 3009 1037 3087 vidimus,
1054 3032 1162 3075 omnes
1178 3014 1255 3075 sunt

136 3115 220 3179 intra
244 3116 400 3200 periodos,
425 3139 506 3201 quae
530 3117 569 3181 ad
594 3120 696 3181 oertos
719 3098 863 3180 homines
887 3119 919 3180 et
941 3138 992 3181 res
1008 3117 1194 3209 respiciunt.
1214 3117 1254 3182 in

135 3225 307 3289 infinitis
341 3225 557 3301 sententiis,
582 3246 677 3308 quae
710 3225 753 3288 ad
783 3223 951 3288 futurum
973 3230 1123 3309 tempus
1146 3246 1254 3309 speo-

137 3335 235 3408 tant,
272 3335 303 3396 et
330 3332 458 3416 quidem
481 3336 553 3417 post
576 3331 734 3396 sentiendi
757 3333 855 3396 verba
878 3331 998 3395 nullum
1024 3335 1072 3395 est
1095 3353 1155 3412 ex.,
1183 3335 1255 3416 post

137 3438 261 3503 dicendi
285 3441 383 3504 verba
406 3460 502 3502 unum
527 3437 609 3520 (Mil.
636 3436 744 3519 1414),
771 3440 842 3522 post
857 3438 1030 3502 voluntatis
1046 3440 1145 3503 verba
1160 3443 1254 3523 quat·

136 3549 208 3609 tuor
231 3548 287 3622 (st.
313 3544 387 3623 686,
425 3543 501 3609 cist.
527 3542 601 3622 497,
627 3541 743 3607 Bacch.
769 3543 821 3623 58,
848 3544 912 3622 76),
938 3544 977 3607 ad
1001 3565 1080 3627 quos
1104 3543 1254 3608 coniunc-

136 3652 219 3716 tivos
243 3652 359 3716 multos
382 3651 578 3735 reperiemus
602 3649 801 3734 respondere,
834 3649 888 3714 ubi
912 3649 1146 3714 coniunctivum
1170 3652 1254 3715 trao-

135 3759 284 3835 tabimus,
309 3758 364 3843 qui
387 3758 471 3842 apud
496 3756 711 3822 coniunctivos
735 3759 793 3821 eet.

242 3863 502 3930 Indioativum
538 3867 648 3929 eontra
682 3863 859 3927 invenimus
892 3863 1076 3927 noneolum
1101 3863 1255 3929 incertis

137 3975 231 4038 rebus
255 3994 380 4057 semper
402 3972 542 4052 retineri,
560 3971 615 4035 sed
639 3971 734 4035 etiam
760 3970 791 4034 in
816 3969 948 4034 infinitis
972 3970 1062 4034 iuxta
1085 3991 1157 4034 oum
1178 3991 1254 4036 non·

136 4079 278 4145 iunetivo
300 4079 346 4144 ita
369 4078 526 4163 usurpari,
551 4083 587 4144 ut
609 4078 672 4143 vix
695 4078 733 4141 in
758 4076 835 4141 ullo
860 4098 913 4142 ex.
938 4077 1129 4141 contendere
1145 4076 1252 4155 liceat,

93 4224 98 4234 ·
137 4186 358 4251 necessario
397 4186 612 4251 adhibendum
652 4206 720 4249 esse
766 4183 1078 4248 coniunctivum
1125 4188 1256 4269 propter

136 4294 240 4378 ipsam
263 4293 530 4358 subiunctionem.

1132 4414 1151 4467 4
