3076 5190
531 615 571 626 -
599 562 662 644 tes
688 614 728 626 -

67 742 166 820 Persa
183 756 257 822 383.
289 755 404 819 Verum
427 757 534 838 videte,
559 777 606 820 me
629 757 697 821 uti
719 759 781 821 eel
789 778 827 821 es
849 766 981 841 nuptum
1005 760 1090 840 dere,

282 862 332 926 Ne
354 862 428 927 teee
450 862 540 944 fame
562 862 664 945 faeiat
687 862 871 948 repudiosas
894 868 1032 949 nuptias.

400 968 508 1054 [violes
531 969 555 1035 0
580 973 653 1034 ante
677 992 739 1034 rae.
763 967 863 1056 D¹Z.]

191 1075 444 1152 (Coniunctivum
469 1077 502 1140 in
525 1077 628 1141 tribus
652 1099 698 1142 ex.
723 1100 754 1160 p.
781 1079 934 1144 159-60
964 1081 1189 1163 repperimus.)

176 1232 219 1301 α’.
266 1235 349 1311 Quin
375 1236 422 1301 bis
445 1237 633 1320 temporalis
657 1240 737 1300 sent.
763 1241 929 1322 regentem
953 1240 1188 1304 eoniunetivum

66 1345 229 1427 sequitur:

66 1467 256 1533 Mere492.
279 1469 363 1532 uude
401 1470 460 1531 erit
499 1475 660 1551 erqeutum
696 1469 778 1552 qued
810 1469 871 1548 des,
911 1491 1024 1555 quem
1056 1480 1191 1555 poscet

389 1573 502 1657 peter?

185 1682 257 1746 145.
283 1680 346 1744 Die
364 1680 443 1744 miti
466 1702 507 1744 eu
532 1681 604 1744 boui
626 1681 703 1765 quid
725 1690 897 1765 usquamst,
921 1684 1003 1767 qued
1025 1680 1191 1768 quisquam

388 1789 436 1850 uti
455 1783 615 1871 pessi<e>t

282 1893 357 1958 Siue
391 1894 474 1957 mele
508 1892 594 1957 eeuui
628 1902 684 1957 eut
718 1915 756 1958 ue
780 1894 915 1957 luterem
938 1898 1055 1979 cupies,
1079 1917 1191 1981 quem

388 2001 444 2063 itte
467 2001 516 2063 uti
539 2000 670 2064 uoles?

176 2123 221 2188 At
255 2124 289 2188 in
319 2123 402 2188 Rud.
428 2123 561 2188 est-8
586 2130 619 2187 et
641 2122 741 2189 Mers.
766 2124 831 2190 492
855 2126 1040 2208 temporalis
1063 2131 1192 2190 senten·

67 2233 114 2295 tia
137 2230 191 2296 vix
215 2231 341 2315 pendet,
367 2231 422 2294 sed
447 2231 486 2294 ad
510 2230 717 2295 indicativum
735 2232 907 2314 primariae
924 2234 1100 2297 sententiae
1117 2256 1189 2317 pre-

67 2339 154 2402 xime
177 2359 210 2401 se
235 2337 391 2422 applicat:
415 2338 532 2421 copiast
553 2337 629 2400 dum
646 2374 688 2384 -
703 2339 780 2401 eieet
792 2339 850 2418 (=
861 2337 978 2421 peteris
1001 2340 1077 2403 dum
1095 2341 1190 2416 eiees)

69 2448 102 2508 et
136 2446 218 2508 uude
252 2446 313 2507 erit
345 2465 412 2528 (ινφ.
437 2464 528 2529 quem
546 2445 675 2528 poscet?
707 2445 860 2528 (itemque
884 2446 917 2508 in
940 2444 1033 2510 True.
1059 2447 1191 2511 418-9

69 2552 96 2614 si
120 2551 290 2635 legendum
316 2554 365 2614 est
389 2552 572 2628 iuuentem);
596 2551 629 2614 in
653 2550 751 2614 Persa
775 2550 839 2615 383
864 2554 904 2614 et·
921 2551 1019 2616 Mete.
1040 2552 1103 2616 146
1119 2574 1191 2616 ver-

70 2659 145 2722 bum
180 2660 230 2721 est
263 2659 351 2735 uetes,
390 2658 478 2722 euius
513 2659 604 2722 verbi
636 2657 828 2722 indicativus
851 2661 884 2721 et
908 2658 1037 2722 omnine
1059 2658 1193 2724 liberius

68 2765 226 2829 retinetur
260 2767 294 2828 et
326 2765 359 2827 in
383 2763 482 2828 Mers.
510 2764 573 2828 146
597 2786 635 2828 ee
657 2763 807 2827 licentius
830 2768 1001 2847 usurpatus
1025 2768 1084 2841 eet,
1108 2766 1191 2849 qued

69 2867 102 2934 II
127 2874 353 2954 personaeest
376 2871 415 2935 ed
440 2870 619 2935 universale
644 2871 822 2935 subiectum
846 2873 1004 2953 spectans.

177 2976 278 3042 Preve
314 2980 423 3062 Lange
446 2977 467 3041 l.
493 2978 514 3041 l.
539 3000 570 3061 p.
596 2979 638 3043 39
667 2977 873 3041 indicativum
899 2979 932 3040 et
955 2978 1192 3042 coniunctivum

70 3084 248 3169 promiscue
282 3083 328 3147 eit
350 3085 498 3168 usurpari
522 3084 555 3148 in
580 3083 650 3150 (tas.
677 3084 741 3149 133
764 3104 835 3167 sqq.
881 3081 1083 3168 lungendum
1107 3085 1193 3149 enim

69 3195 119 3255 est
141 3212 212 3255 eum
237 3188 325 3266 (it-S,
350 3194 383 3254 et
407 3190 513 3255 Leone

188 3297 262 3363 133.
292 3297 379 3361 Unde
395 3299 574 3361 auscultare
587 3298 697 3380 pessis,
710 3317 814 3381 quem
831 3318 883 3381 eqo
898 3296 988 3360 illam
1005 3299 1192 3362 euseuter.

288 3403 407 3484 Quem
430 3402 510 3467 miti
533 3404 590 3467 illu
613 3404 738 3466 dicet:
763 3400 827 3482 „mi
850 3402 990 3467 enimule
1013 3405 1107 3480 ete.‘,

182 3511 260 3575 -9.
284 3511 382 3591 Quem
407 3510 486 3574 miti
509 3510 583 3574 haee
606 3510 750 3573 dicuutur
773 3518 837 3573 tum
862 3518 896 3573 tu
921 3546 963 3555 —
986 3511 1154 3576 versabere.

177 3632 251 3699 Non
287 3638 336 3699 est
364 3635 474 3719 igitur,
499 3656 555 3698 cur
579 3656 640 3698 nen
664 3633 900 3699 eoniunetivum
924 3656 993 3698 esse
1016 3634 1193 3699 iudicemus

70 3743 104 3806 in
121 3741 173 3805 Pe.
187 3742 260 3806 663.
287 3741 349 3807 See
382 3743 449 3806 eide
483 3744 526 3804 sis
556 3763 594 3804 ue
618 3743 652 3804 iu
676 3742 852 3825 quaestione
874 3742 918 3804 sis
941 3742 1066 3826 quande
1090 3763 1193 3806 ueeer·

391 3869 458 3912 sem
482 3849 568 3927 miti,

73 3957 157 4039 qued
193 3960 281 4019 certe
317 3955 484 4019 diiudicari
508 3977 600 4039 pesse
624 3955 735 4039 Lange
760 3959 868 4038 negat.
914 3952 1010 4033 Nam,
1035 3955 1089 4018 ubi
1112 3958 1194 4017 tem·

71 4062 190 4146 petalis
225 4065 305 4126 sent.
331 4065 387 4125 aut
421 4063 565 4146 sequitur
598 4066 653 4126 aut
676 4061 845 4125 interiecta
868 4064 927 4140 est,
952 4060 1092 4125 futurum
1118 4061 1194 4124 sim·

16 4258 20 4265 ¹
71 4169 146 4252 plen
181 4191 255 4234 vere
291 4169 494 4234 subiunctum
529 4190 592 4232 nen
628 4169 804 4252 reperimus
840 4168 961 4232 servari
1000 4168 1062 4230 nisi
1102 4167 1192 4232 verbi

71 4277 156 4340 uelle.
