3076 5190
684 600 856 666 ..59-

319 775 631 843 Condicionalis
654 779 703 842 est
725 781 805 842 sent.

212 901 281 967 Mil.
306 903 401 968 1185.
425 903 499 967 Huc
532 901 632 967 venito
666 911 695 968 et
727 902 842 967 matris
868 902 968 968 vorbis
992 902 1257 968 Philocomasium
1279 926 1330 968 or·

532 1008 656 1076 osca:

327 1120 401 1182 —8.
424 1114 520 1182 Nirc‘
542 1125 613 1200 cot,
637 1126 666 1183 tc
687 1119 865 1183 soluturum
887 1139 952 1182 cccc
973 1117 1096 1182 numm:
1120 1125 1241 1182 contum
1262 1138 1330 1202 ope·

530 1245 601 1289 rom
623 1225 709 1289 dore.

620 1423 658 1488 Β.
704 1427 920 1490 Indicativus.

316 1583 439 1649 Maiore
465 1584 597 1649 licentia
620 1607 714 1670 quam
740 1589 812 1669 post
835 1584 1066 1669 interrogativa
1088 1585 1187 1650 uerba
1209 1584 1328 1648 indica·

210 1689 295 1754 tivus
330 1691 486 1756 retinetur
512 1692 545 1756 iu
578 1692 727 1776 periodis,
763 1714 845 1776 quae
869 1715 888 1756 a
911 1691 1029 1757 iussivo
1052 1692 1150 1756 verbo
1172 1691 1329 1756 sentiendi

211 1801 266 1861 aut
289 1797 415 1863 dicendi
438 1799 587 1884 pendent.
634 1797 719 1863 Nam
743 1799 801 1864 hoc
825 1821 887 1863 non
911 1799 1012 1863 solum
1035 1799 1068 1862 in
1092 1799 1139 1862 eis
1163 1798 1329 1863 sententiis

210 1903 257 1984 fit,
281 1905 397 1989 quibus
420 1909 524 1970 certas
548 1928 598 1970 res
622 1906 855 1971 circumscribit
875 1906 902 1970 is
918 1906 973 1991 qui
989 1905 1140 1989 loquitur,
1155 1905 1211 1969 sed
1231 1904 1327 1969 etiam

210 2011 244 2075 in
260 2012 530 2078 conditionalibus
553 2016 633 2078 sent.
659 2016 691 2077 et
714 2013 948 2078 universalibus
971 2014 1051 2077 sent.
1076 2011 1228 2088 relativis,
1246 2034 1327 2096 quae

210 2142 230 2184 a
253 2120 351 2185 verbo
375 2119 501 2205 regenti
524 2142 559 2185 re
582 2142 659 2186 vera
681 2120 829 2205 pendent.

319 2278 341 2345 1.
388 2280 432 2345 Et
455 2281 584 2365 quidem
618 2282 712 2365 post
745 2281 869 2345 verba
902 2279 1113 2345 sentiendi
1137 2279 1328 2344 indicativus

209 2387 243 2451 in
266 2387 384 2452 fabulis
408 2386 566 2453 Plautinis
589 2409 750 2472 semper
772 2392 928 2453 servatur.

316 2493 408 2559 Nihil
439 2501 515 2560 sane
551 2495 687 2580 probant
721 2495 909 2574 sententiae,
944 2516 1023 2578 quae
1047 2494 1153 2578 isqui
1186 2493 1328 2576 loquitur

210 2601 278 2685 ipse
302 2602 563 2667 circumscribere
587 2604 702 2687 potuit,
726 2603 818 2667 utin
842 2602 933 2687 capt.
958 2602 1034 2677 606,
1057 2599 1109 2665 Ps.
1137 2600 1210 2681 115,
1238 2598 1325 2663 Trin.

212 2708 307 2789 1026,
331 2709 413 2774 nihil
438 2710 630 2775 indicativus
665 2714 736 2795 post
770 2710 869 2775 verba
903 2709 983 2774 talia
1017 2707 1110 2793 quale
1134 2710 1183 2772 est
1204 2708 1272 2771 eino
1293 2707 1327 2770 in

209 2813 302 2881 Truc.
328 2816 403 2897 734,
426 2816 518 2902 Gapt.
543 2818 617 2894 114,
641 2816 694 2882 Pa.
719 2817 793 2883 861.

316 2920 380 2988 Sed
403 2923 481 2988 satis
504 2925 642 3008 probant
665 2923 812 3008 exempla
835 2945 917 3008 quae
940 2925 1028 2988 sunt:

210 3046 278 3114 Mil.
304 3049 378 3114 915.
421 3048 518 3132 Nom,
545 3051 592 3114 mi
623 3057 764 3134 patrone,
797 3049 852 3113 boc
886 3049 1081 3132 coqitcto:
1114 3047 1181 3112 ubi
1209 3045 1327 3130 protus

528 3163 585 3220 est
607 3155 803 3237 architectus,

423 3261 511 3327 Bene
529 3264 680 3327 lineatum
702 3264 738 3327 si
760 3264 850 3327 scmcl
873 3264 1018 3327 carinam
1040 3261 1280 3342 conlocauit,

421 3369 532 3436 Facile
555 3391 620 3437 cose
642 3390 751 3435 novom
772 3370 885 3453 facore.

552 3494 636 3580 [cod
658 3495 685 3560 F
709 3503 761 3576 cet,
786 3495 885 3560 ceteri
908 3492 987 3579 esse]

209 3620 302 3686 Most.
323 3621 397 3686 255.
428 3619 486 3686 Ubi
530 3628 565 3685 tu
608 3620 803 3700 oommodu’s,
845 3622 995 3705 capillum
1032 3619 1223 3684 commodiore
1261 3638 1326 3682 esre

527 3729 691 3794 credito.
738 3726 927 3813 [commodae
949 3728 1035 3808 libri,
1047 3749 1128 3792 corr.
1153 3723 1295 3810 Comen]

208 3833 304 3900 Poen.
322 3837 398 3902 240.
422 3835 528 3915 Soror,
552 3837 694 3922 coqito,
719 3836 837 3918 amabo,
861 3838 934 3900 item
957 3855 1013 3899 nos
1031 3833 1197 3919 portitori,

425 3942 525 4025 Quom
548 3945 577 4008 oi
599 3944 686 4008 solco
707 3941 879 4008 muriatico
901 3962 965 4008 cccc
987 3948 1264 4021 autumantur,

520 4072 629 4155 [quom
650 4067 680 4133 ei
702 4068 798 4145 BOD,
822 4065 915 4154 quasi
938 4063 1019 4151 Fu]

316 4208 479 4279 Immutati
514 4210 616 4306 igitur
649 4215 772 4282 restant
805 4211 838 4281 iu
868 4210 1037 4283 subiuncta
1060 4209 1203 4282 oratione
1226 4209 1324 4282 iidem
