3076 5190
637 546 808 613 ,37-

271 724 516 809 Temporales
540 723 735 789 sententiae:

167 831 470 915 Bacch.1028.E90
493 834 544 896 ius
567 832 741 896 iurandum
764 869 808 878 -
831 832 910 910 aedi,

400 940 562 1003 Daturum
585 939 619 1003 id
640 961 689 1004 rue
711 940 800 1004 hodie
822 940 949 1004 mulieri
977 979 1010 988 -

400 1045 594 1130 Priusquam
617 1068 636 1110 a
660 1068 707 1112 me
725 1047 831 1111 abiret.
852 1045 972 1110 Temen
985 1047 1034 1110 efr
1046 1046 1126 1110 eoni.
1141 1045 1192 1110 Ps.
1206 1048 1280 1112 242.

164 1153 251 1218 Trin.
279 1153 374 1219 1086.
400 1151 530 1218 Credidi
552 1174 642 1237 aepre
665 1153 719 1217 ubi
742 1154 784 1232 id,
810 1153 872 1217 ubi
894 1153 1073 1234 audisses,
1097 1153 1175 1233 sare.

165 1261 262 1325 Mero.
288 1260 340 1324 84.
365 1283 395 1326 v.
420 1282 526 1344 supra.

271 1383 453 1450 causales
476 1385 669 1471 serbentiae:

166 1492 258 1558 Most.
284 1493 358 1558 520.
398 1501 556 1557 mortuum
579 1493 671 1557 illum
693 1492 814 1558 credidi

399 1599 619 1684 Expostulare,
645 1601 721 1684 quia
739 1601 945 1683 percussisses
967 1599 1059 1679 faris.

166 1713 227 1798 [sie
251 1712 507 1781 cumeodieibus
531 1715 607 1791 Leo,
628 1716 850 1799 percussissem
873 1737 944 1779 eum
969 1714 1116 1779 Acidalio
1137 1713 1280 1798 G.-S.].

231 1821 352 1886 Tamen
375 1822 424 1886 cfr
447 1823 528 1887 coni.
552 1821 607 1886 As.
626 1821 691 1886 583
715 1825 748 1886 et
771 1825 879 1886 cetera
902 1844 951 1886 ex.
969 1844 1000 1905 p.
1019 1821 1147 1886 10-11
1173 1821 1281 1888 allata.

166 1938 232 2004 Mil.
257 1937 333 2005 387.
400 1937 470 2023 Epa
494 1939 575 2001 laeta
598 1939 675 2019 aisa,
699 1939 773 2023 quia
797 1958 886 2002 sorar
907 1939 1047 2001 uenisset.

271 2054 420 2118 Etiamne
455 2057 526 2137 pou
555 2054 768 2137 perfeetum
794 2053 960 2138 logicum
985 2051 1167 2122 adhibuerit
1190 2052 1280 2118 Pleu·

54 2200 56 2207 ,
164 2165 214 2224 tus
238 2161 473 2225 coniunctivum
498 2160 673 2245 obliquum,
697 2183 759 2224 nou
784 2182 884 2244 aeque
908 2160 1018 2244 liquet.

270 2274 356 2340 Nem
378 2277 411 2340 in
436 2276 591 2361 exemplo,
617 2277 700 2361 quod
724 2279 774 2340 est

166 2393 232 2456 Mil.
258 2393 333 2457 885.
399 2413 474 2456 uam
496 2413 548 2477 epo
571 2393 685 2456 multos
707 2413 795 2476 saepe
819 2391 895 2455 viar·

399 2498 566 2584 Rapioueur
598 2499 707 2584 supere
741 2499 860 2581 causili,
895 2494 1003 2582 prius
1037 2520 1143 2584 quam
1176 2520 1282 2584 reper-

507 2603 614 2690 ta<ru>
640 2602 866 2690 hebereos-O,

165 2722 218 2787 ubi
242 2723 324 2786 coni.
348 2704 494 2805 obliduus
518 2743 596 2798 esse,
613 2744 676 2786 nou
693 2723 790 2786 verbo
803 2720 992 2806 pu'usquam
1007 2721 1127 2798 deberi,
1146 2721 1280 2798 ridetur,

165 2833 252 2893 serta
275 2829 370 2893 lectio
394 2851 456 2892 non
480 2831 613 2892 constat.
660 2827 734 2893 Non
759 2829 842 2905 euim
867 2827 1029 2892 difficilius
1053 2832 1102 2892 est
1118 2851 1188 2892 eum
1206 2827 1280 2892 Pal-

165 2937 264 3000 merie
300 2958 357 3020 pro
392 2939 541 3018 eorrupbo
573 2936 716 3000 codicum
740 2935 849 3000 habere
871 2935 1078 2999 indicativum
1102 2932 1280 3020 hab<u>ere

164 3043 367 3122 substituere,
392 3065 488 3126 quam
512 3064 582 3106 eum
607 3042 761 3106 Lambino
785 3043 1019 3107 coniunctirum
1045 3040 1241 3127 suberunt).

270 3147 347 3213 Post
384 3169 476 3234 quoru
515 3149 744 3212 adversativum
784 3148 856 3231 (efr.
892 3172 924 3233 p.
959 3149 1015 3231 26)
1051 3153 1099 3214 est
1134 3150 1282 3214 coniunc-

164 3256 249 3320 tivus
273 3256 306 3319 in

165 3371 247 3436 Rud.
275 3372 370 3436 1124.
404 3371 491 3435 Viae·
521 3378 624 3455 petere
650 3372 788 3453 miluom,
812 3374 906 3436 etiam
940 3393 1046 3458 quoru
1080 3374 1127 3437 uil
1157 3371 1282 3454 aufer·

508 3476 602 3563 <r>et
625 3485 738 3557 tauteu,

385 3584 428 3670 [B
451 3585 567 3668 aufert.
592 3584 616 3650 0
641 3586 772 3668 auferet,
799 3584 882 3649 DFZ
906 3584 1062 3669 auferret]

165 3724 357 3786 quamquem
392 3722 430 3765 ne
465 3702 492 3765 is
527 3701 655 3785 quidem
691 3701 724 3765 in
757 3701 914 3765 conserui
949 3701 1091 3765 codicum
1116 3702 1280 3767 memoria.

166 3808 241 3872 Post
276 3829 366 3894 quom
401 3809 567 3892 temporale
603 3811 709 3872 sutem
744 3809 951 3873 indicativum
979 3809 1064 3872 iufra
1087 3809 1282 3891 reperiemus

164 3916 197 3979 iu
221 3915 304 3981 Rud.
330 3917 413 3986 1251
440 3915 582 3979 retineri.

270 4029 307 4095 In
331 4030 467 4097 relativa
492 4031 652 4095 sententia

165 4147 282 4212 Bacch.
300 4146 374 4215 953.
400 4145 465 4210 luo
498 4148 562 4210 tria
588 4144 689 4227 fuisse
712 4147 842 4210 audiui
863 4146 944 4226 sata,
969 4167 1060 4230 qaae
1082 4146 1134 4210 illi
1154 4145 1282 4228 foreat

484 4251 589 4336 euiu'o,
637 4251 684 4338 [A
707 4254 806 4336 fuere,
831 4252 929 4321 ceteri
951 4250 1072 4339 foreut]
