3076 5190
680 565 854 629 ..25-

206 741 274 804 Mil.
300 742 375 806 690.
406 742 519 806 Verum
539 745 726 827 prinsquam
747 745 827 827 catti
849 751 972 807 cantent
994 765 1091 828 quae
1113 765 1161 808 me
1184 768 1199 808 e
1221 767 1327 810 sumno

504 853 638 914 suscitet.

314 956 358 1020 At
381 957 499 1021 dixeris
523 980 636 1041 purum
659 959 745 1022 inter
767 981 800 1021 se
825 959 1016 1041 respondere
1041 958 1276 1024 coniunctivum
1293 981 1324 1024 v.
1365 944 1373 953 ¹

208 1066 270 1129 556
291 1067 465 1148 poposcerit
491 1069 523 1128 ei
546 1065 754 1129 indicativum
781 1088 807 1129 v.
835 1065 898 1129 558
922 1066 1091 1150 deneyucit.
1140 1062 1190 1130 Ite
1213 1067 1325 1130 saltem

210 1171 353 1235 Acidalio
387 1171 489 1235 visum
525 1174 573 1233 est
607 1171 765 1254 deneqcirit
793 1171 987 1251 conficienti,
1015 1194 1110 1255 quem
1149 1177 1325 1255 sequuntur

207 1277 306 1343 Goetz
341 1285 374 1342 et
406 1277 542 1343 Schoell.
589 1279 648 1342 Sed
673 1279 784 1342 eadem
808 1278 887 1343 haec
912 1282 961 1342 est
983 1279 1146 1343 modorum
1170 1280 1324 1344 vicicissi-

207 1386 282 1449 tudo
316 1385 349 1448 in
385 1385 566 1449 causalibus
600 1386 774 1449 enuntiatis
798 1385 952 1466 relativis,
977 1389 1073 1470 atque
1097 1387 1129 1450 in
1153 1408 1204 1451 vv.
1229 1385 1325 1451 Poen.

210 1493 371 1571 1030—3‚
395 1514 473 1576 quos
496 1513 593 1576 supra
617 1492 753 1557 laudavi.
802 1493 899 1557 Errat
916 1496 1022 1557 eutem
1039 1495 1249 1572 huchbertus,
1270 1495 1325 1578 qui

207 1600 239 1663 in
275 1598 329 1664 Gr.
354 1598 441 1663 stud.
468 1597 480 1661 l
506 1621 536 1682 p.
562 1598 604 1663 46
635 1598 719 1663 huuc
743 1601 823 1664 coni.
849 1600 994 1683 requirit,
1028 1600 1105 1684 quia
1129 1602 1228 1664 oratic
1252 1600 1325 1664 obti-

207 1728 268 1791 quc
303 1705 353 1782 sit,
390 1705 529 1788 itemque
554 1701 586 1768 ΙΙ
610 1728 640 1789 p.
670 1706 743 1781 126,
769 1706 824 1769 ubi
852 1706 885 1769 in
908 1729 938 1770 v.
964 1706 1028 1769 556
1053 1727 1125 1769 cum
1149 1703 1326 1770 Ritscheliu

206 1812 288 1896 legit
323 1811 422 1890 Quom
458 1846 496 1856 -
530 1814 714 1895 putesceret.
772 1809 860 1887 Quae
891 1812 985 1875 lectio
1009 1811 1035 1874 si
1067 1833 1143 1876 vera
1169 1816 1225 1888 est,
1251 1833 1325 1876 con·

207 1919 365 1983 iunctivus
389 1940 451 1981 non
476 1918 662 1982 subiunctae
687 1919 824 1982 orationi
847 1918 1035 1982 tribuendus
1059 1921 1118 1995 esi,
1131 1919 1187 1982 sed
1204 1918 1323 1982 causali

207 2028 304 2091 verbo
338 2046 438 2109 quom.
485 2021 569 2088 Nam
595 2025 658 2089 dici
682 2047 742 2089 non
778 2025 883 2109 potuit
915 2024 1058 2088 Videlicet
1078 2046 1211 2108 pureum
1236 2026 1326 2088 ittnm

206 2134 314 2215 fnisse,
339 2133 435 2217 qnia
458 2132 623 2214 diderit,
648 2132 702 2195 sed
727 2135 823 2217 qnid
846 2127 1001 2213 dicitl).

315 2276 345 2340 2.
393 2273 645 2339 Concessiva
667 2275 719 2339 vel
743 2274 1007 2339 adversativa
1029 2275 1077 2339 vis
1101 2278 1159 2338 est.
1211 2317 1215 2324 .

315 2398 482 2464 Relativae
506 2401 701 2465 sententiae:

208 2505 293 2570 Men.
319 2494 393 2570 36‘1.
424 2505 576 2570 Animnte
597 2509 657 2570 cnei
681 2507 863 2570 mittimini
886 2507 1040 2581 videntur,

427 2612 468 2675 Te
490 2613 539 2676 hic
562 2621 646 2677 stare
667 2614 760 2696 forie,
783 2613 870 2696 fores
893 2615 987 2698 quoi
1008 2620 1176 2696 pateant

422 2718 532 2803 Medis
547 2741 642 2804 qnam
658 2721 767 2783 domus
783 2728 847 2796 tna,
862 2721 971 2783 demus
986 2740 1091 2805 quom
1106 2719 1180 2783 haec
1196 2727 1250 2782 tna
1266 2721 1326 2783 cit.

305 2826 399 2890 1004.
425 2824 452 2888 0
472 2826 602 2908 facinus
625 2826 789 2910 indiqnnm
815 2832 843 2889 et
866 2828 993 2904 enatum,

421 2933 608 3017 Epidamnii
630 2937 717 3014 civice,
742 2956 830 2998 erum

421 3038 532 3104 Meum
555 3040 605 3103 hic
629 3042 661 3104 in
680 3048 794 3125 pacato
816 3036 974 3125 0<p>pid0

422 3146 504 3210 Luci
526 3148 663 3232 deripier
685 3150 720 3212 in
743 3151 803 3226 cia,

423 3253 499 3333 Qui
522 3254 598 3317 tiber
620 3255 664 3317 ud
684 3275 736 3318 vos
758 3255 915 3318 uenerit
1091 3338 1095 3346 ἱ

209 3361 266 3423 cfr.
291 3360 449 3425 infinitam
483 3361 650 3444 periodum
678 3360 760 3426 Rud.
785 3361 917 3427 393-4
941 3383 1037 3444 supra
1060 3383 1092 3444 p.
1118 3361 1159 3424 19
1185 3360 1326 3425 allatam.

210 3467 305 3531 Poen.
324 3468 398 3531 965.
421 3467 508 3531 Nam
532 3476 615 3531 tuom
636 3468 830 3553 flacitinnnct
856 3476 928 3531 tnes
951 3475 978 3531 te
999 3465 1164 3551 popularis
1182 3469 1254 3550 pati

423 3575 546 3638 Sercire
569 3577 774 3653 annuentes,
800 3575 883 3638 donni
905 3596 997 3659 qnae
1017 3574 1165 3656 fuerint
1189 3575 1311 3640 liberae.

620 3678 747 3765 [GDFZ
769 3678 917 3765 fuerunt]

317 3837 337 3906 ¹)
356 3840 401 3892 Ad
423 3844 513 3893 totum
532 3840 607 3893 hunc
626 3840 784 3907 periodum,
804 3840 916 3906 qualem
936 3841 992 3892 iem
1012 3840 1241 3906 informavimus,
1261 3856 1277 3892 e
1296 3856 1327 3892 re

210 3935 255 3982 est
273 3931 405 3983 conferre
424 3945 525 3983 versus
545 3930 594 3995 qui
613 3935 682 3982 sunt

210 4019 290 4085 Gapt.
308 4019 368 4072 568.
392 4017 433 4071 Tu
450 4022 522 4070 enim
540 4015 683 4085 repertn'c,
702 4015 884 4070 Philocratem
903 4015 950 4084 qni
968 4031 1077 4083 snperec
1095 4015 1250 4069 veriverbio.

364 4108 374 4174 ΙΙ
387 4107 438 4160 Pol
456 4123 501 4175 eqo
520 4108 553 4159 nt
569 4122 627 4159 rem
646 4105 731 4168 uideo,
751 4108 781 4158 tn
799 4104 934 4159 inventn’c
952 4122 1016 4158 cera
1035 4104 1194 4158 vanitudine

391 4195 445 4264 Qui
467 4195 616 4250 convincas.

210 4288 241 4342 in
260 4287 365 4353 quibus
384 4286 516 4341 versibus
536 4285 638 4342 eedem
656 4286 798 4353 reperitur
816 4285 937 4338 ironia
955 4284 1078 4338 dicendi.
