3076 5190
683 592 858 660 „33-

210 767 260 836 vel
284 771 316 834 in
345 770 531 854 temporati:

208 876 296 943 Trin.
322 879 397 944 615.
422 878 499 963 quid
521 879 588 943 ittic
609 878 734 960 festinet
757 882 854 945 sentio
878 904 940 946 —:

430 985 469 1049 Ut
491 1007 568 1071 apro
603 994 718 1051 evortat
741 987 956 1070 Lesbonicum,
992 990 1151 1075 quaudo
1185 991 1334 1054 evortit

530 1093 665 1158 aedibus.

318 1198 473 1264 Absoluta
507 1200 592 1264 enim
626 1204 674 1264 est
698 1200 776 1265 huso
799 1205 880 1266 sont.
904 1205 1038 1286 tempor.
1064 1206 1105 1278 (r.
1131 1224 1162 1285 p.
1189 1203 1274 1279 loe)
1299 1206 1331 1266 st

207 1305 371 1388 iungenda
394 1309 482 1373 sunt:
507 1308 621 1387 (auno)
644 1307 769 1393 quaudo
792 1310 900 1372 evortit
921 1308 1052 1391 festinat
1074 1316 1109 1373 ut
1136 1349 1185 1372 -.
1419 1294 1424 1307 ¹

316 1467 347 1529 2.
394 1463 431 1530 In
466 1467 633 1532 sententiis
668 1490 747 1553 quus
782 1469 1016 1534 circumscribit
1050 1470 1077 1533 is
1101 1469 1155 1554 qui
1180 1469 1331 1553 loquitur,

317 1614 344 1654 a.
372 1592 425 1656 ubi
450 1592 627 1657 necessario
651 1593 843 1658 indicativus
867 1592 1056 1659 adhibetur:

210 1697 280 1763 Mil.
305 1698 399 1762 1012.
427 1699 528 1763 Homo
550 1701 709 1784 quidamst
732 1701 787 1786 qui
810 1702 868 1764 soit
891 1701 994 1785 quod
1015 1702 1183 1785 quaeris
1207 1700 1258 1763 ubr'
1281 1702 1332 1765 sit.

210 1803 262 1869 Ps.
287 1805 362 1870 597.

317 1940 347 2003 b.
394 1936 459 2004 Ubi
484 1939 581 2003 etism
605 1940 685 2005 coni.
711 1938 775 2004 obl.
801 1939 947 2004 adhiberi
972 1941 1093 2023 potuit:

317 2062 484 2128 Relatirae
508 2064 703 2128 sententiae:

210 2168 302 2234 Ourc.
321 2170 398 2234 425.
423 2168 533 2248 Quod
555 2170 653 2234 istic
675 2172 929 2255 scriptumst,
953 2172 988 2235 id
1010 2179 1044 2239 te
1061 2193 1155 2235 orare
1178 2173 1312 2236 iusserat

425 2275 568 2357 Profecto
592 2285 626 2340 ut
647 2276 778 2359 faceres,
802 2298 892 2341 suom
915 2286 946 2342 st
966 2279 1056 2342 oottos
1077 2280 1227 2363 protiom.

210 2384 268 2447 cfr.
294 2384 374 2449 coni.
398 2383 461 2449 obl.
486 2382 603 2449 Bacch.
629 2383 704 2447 788.
729 2383 848 2447 Orabat
882 2386 965 2470 quod
996 2386 1066 2448 istic
1099 2392 1202 2449 esset
1233 2386 1332 2468 scrip·

530 2499 597 2554 tum
620 2498 655 2555 ut
675 2491 773 2572 fieret.

212 2596 271 2679 Ep.
296 2596 349 2660 47.
422 2595 497 2680 Ipse
519 2597 682 2661 maudaott
706 2609 747 2642 '--
772 2605 807 2661 ut
828 2596 960 2680 fidicina

293 2731 295 2735 ·
425 2703 546 2783 Quam
569 2703 728 2767 amabat
751 2711 903 2768 emeretur
925 2704 1004 2770 siti:

298 2810 351 2875 70.
418 2817 545 2894 patrem
566 2811 590 2893 †
608 2813 703 2895 prius
725 2832 757 2874 se
779 2813 939 2875 sommare
961 2832 1023 2875 uou
1047 2812 1107 2874 oott
1135 2851 1192 2891 -,

424 2916 527 2996 Quum
557 2918 591 2980 id
625 2925 788 3003 arpentum
815 2918 917 3002 quod
939 2898 1104 2980 dotetur
1123 2938 1183 3002 pro
1207 2917 1263 2980 itta
1287 2917 1332 2979 di·

530 3025 750 3089 numeraverit.
867 3086 872 3096 ,

210 3129 287 3194 ara.
317 3129 455 3196 lss-r.
502 3128 590 3196 son.
615 3131 759 3215 ass-s

317 3252 517 3338 Temporalis
540 3260 621 3320 sent.

210 3361 279 3425 Mil.
302 3362 397 3426 1317.
423 3360 525 3426 Orant
559 3369 587 3425 to
620 3369 656 3426 ut
690 3382 757 3425 cas:
788 3369 896 3426 ocutus
930 3382 1056 3446 oporam
1083 3362 1172 3426 dum
1196 3361 1274 3442 dat,
1298 3369 1333 3426 ut

373 3540 376 3545 ,
531 3469 631 3533 ortum
654 3469 817 3553 eapticcut,

212 3571 300 3658 [aaut
334 3581 441 3638 ocutus
464 3611 508 3620 —
532 3582 566 3638 ut
599 3576 717 3639 oattam
752 3573 880 3660 explicet
912 3573 979 3651 cl),
1015 3576 1165 3640 aduentus
1187 3575 1333 3659 aptorum

210 3683 287 3745 dum
310 3682 388 3746 daut
411 3688 446 3745 ut
469 3689 504 3746 ut
526 3682 636 3746 oatlrm
659 3683 788 3766 eapticct
800 3681 838 3758 B,
862 3680 1081 3766 munapticout
1097 3681 1137 3758 A,
1162 3679 1334 3764 corr.FZ.]

322 3817 419 3899 „jetut
441 3837 475 3880 so
497 3815 627 3900 lange“.
681 3815 733 3879 An
758 3816 837 3881 haec
861 3821 910 3880 est
932 3815 1062 3881 lieentia
1085 3815 1142 3880 illu
1165 3818 1236 3898 post
1259 3815 1334 3879 dum

211 3921 389 4006 praesentis
423 3922 632 3988 indicativum
656 3923 753 3987 etiam
777 3923 811 3986 in
835 3922 965 4017 oblique
988 3922 1131 3986 oratione
1155 3921 1334 3986 retinendi?

319 4085 350 4147 3.
395 4079 591 4147 Indicetivus
626 4085 700 4166 post
728 4082 882 4148 eiusmodi
907 4079 956 4146 III
981 4104 1136 4166 personae
1159 4082 1259 4146 verba
1282 4102 1334 4145 re·

211 4190 332 4274 gentis,
366 4190 482 4273 quibus
507 4211 569 4254 non
598 4189 692 4253 simul
716 4187 765 4252 111
789 4211 943 4273 personae
967 4190 1053 4253 dicta
1077 4191 1132 4252 aut
1155 4187 1334 4252 sententias

210 4296 458 4381 subiunguntur.
506 4293 573 4360 lam
597 4319 629 4380 p.
655 4295 710 4378 (15
745 4297 790 4377 et)
815 4297 944 4360 60--61
971 4294 1065 4360 buius
1089 4295 1170 4378 disp.
1195 4315 1334 4358 comme-
