3076 5190
673 590 871 655 -107-

318 769 370 833 Ad
394 769 586 854 pendentem
611 770 846 833 coniunctivum
871 768 1064 852 temporales
1087 768 1261 831 sententias
1282 790 1332 831 re·

212 876 375 960 periemus
398 876 494 939 etiam
519 879 586 939 tum
611 876 790 954 assimilari,
816 876 843 940 si
866 877 899 939 in
923 876 1079 940 incertum
1103 878 1229 958 tempus
1245 876 1332 939 futu·

212 1006 283 1046 rum
319 1005 370 1046 res
406 987 493 1047 certa
517 983 739 1060 (condicionali
762 984 889 1047 notione
914 983 1021 1064 exuta)
1044 982 1196 1046 reiicitur.
1243 980 1332 1056 Quod

212 1111 289 1154 num
325 1091 421 1153 etiam
458 1090 542 1173 apud
578 1090 759 1154 absolutum
793 1089 1027 1154 coniunctivum
1063 1089 1130 1167 fiat,
1160 1111 1223 1152 non
1246 1092 1333 1153 certo

211 1196 381 1261 diiudicari
405 1199 520 1280 potest,
545 1196 606 1260 nisi
629 1196 692 1260 huo
716 1197 836 1260 referre
860 1197 937 1260 lieet
959 1195 1047 1260 Trin.
1072 1196 1147 1261 496.
1194 1193 1278 1259 Nam
1299 1196 1332 1259 in

458 1311 528 1377 Ges.
555 1313 630 1378 527.
656 1314 754 1393 Quom
777 1315 942 1391 ueniam,
968 1321 1079 1389 vocent,

210 1450 251 1491 ex
274 1429 364 1493 verbi
388 1429 495 1512 specie
519 1450 582 1493 non
607 1429 721 1506 elucet,
747 1434 853 1493 utrum
878 1428 978 1492 futuri
1001 1428 1066 1491 ind.
1092 1450 1131 1492 an
1156 1427 1332 1512 praesentis

210 1535 290 1599 coni.
327 1536 379 1600 sit.
425 1532 638 1600 Indicativum
675 1536 774 1599 futuri
810 1536 895 1599 infra
928 1536 962 1599 in
994 1538 1143 1619 quattuor
1165 1534 1332 1598 sententiis

210 1641 442 1725 temporalibus
466 1643 672 1726 reperiemus,
688 1643 743 1706 sed
767 1644 799 1706 in
824 1643 911 1706 nulls
935 1664 1016 1726 quae
1038 1641 1171 1724 incipiat
1194 1664 1213 1704 s
1235 1642 1332 1705 verbo

210 1769 312 1833 quom.
360 1748 468 1832 Atque
492 1750 525 1813 in
551 1749 696 1834 exemplo
718 1750 786 1826 tali,
811 1750 905 1834 quale
930 1752 979 1814 est

212 1863 287 1928 Aul.
313 1864 388 1929 273.
429 1873 540 1929 curata
562 1865 713 1947 facetat,
741 1887 833 1951 quom
856 1887 875 1928 a
897 1865 969 1947 soro
992 1865 1140 1928 redeam
1163 1865 1297 1928 mmum.

210 1983 297 2044 certe
332 1980 568 2046 coniunctivum
593 1982 674 2046 nolis
698 1985 832 2061 mutare,
858 1981 983 2045 etiamsi
1006 1981 1139 2045 verbum
1160 1980 1216 2062 fae
1238 1980 1331 2044 omit·

209 2093 267 2150 tas.
316 2086 397 2162 Quin
422 2088 456 2151 in

210 2211 309 2276 Persa
328 2213 402 2277 151.
429 2212 491 2279 Sed
513 2214 600 2298 toupe
624 2213 661 2276 ab
685 2213 815 2277 Athenis
839 2234 954 2276 essese
975 2220 1105 2297 quotam
1128 2219 1284 2276 autumet:

423 2319 466 2383 Et
488 2327 523 2383 ut
546 2319 670 2402 adstetit,
695 2341 786 2405 quom
809 2341 845 2383 ea
868 2327 1021 2399 memoret,

210 2430 243 2490 et
255 2425 375 2510 Amph.
389 2426 464 2491 981.
487 2426 562 2490 haee
584 2435 696 2491 aurata
719 2426 833 2509 st[e]at
857 2427 922 2491 Fae
944 2429 990 2490 sis
1017 2467 1051 2476 -

490 2535 593 2618 Atque
609 2541 643 2597 ut
658 2536 817 2598 ministres
831 2535 919 2613 milti,
937 2533 1121 2620 mihiquem
1141 2532 1331 2617 sacruficem,

209 2655 343 2722 fortasse
368 2658 506 2722 absoluti
531 2659 723 2723 coniunctivi
747 2668 782 2722 ut
805 2659 920 2740 adfleat
943 2662 977 2722 et
999 2666 1034 2722 ut
1057 2660 1216 2722 ministres
1231 2679 1332 2743 agno·

208 2765 318 2828 scendi
342 2768 425 2828 sunt.

315 2870 550 2952 commotivos,
563 2873 616 2957 qui
641 2877 713 2957 post
736 2874 809 2937 dum
824 2901 865 2926 =
883 2873 967 2953 „bis
995 2873 1047 2937 vel
1067 2874 1256 2957 priusquam
1272 2894 1331 2936 usu

209 2978 350 3051 veniunt,
375 2979 430 3043 vix
453 3001 532 3062 opus
552 2985 600 3043 est
617 3001 874 3059 commemorare,
891 3002 962 3045 oum
979 2980 1091 3044 finales
1108 3001 1176 3043 esse
1196 2979 1329 3062 possint.

209 3101 279 3167 Mil.
306 3103 402 3167 1249.
425 3101 673 3188 op<p>eriamur
696 3105 772 3168 dum
795 3112 883 3170 exeat
906 3106 1032 3190 uliquis

209 3207 261 3272 Ps.
289 3209 385 3274 1234.
424 3231 463 3274 ue
487 3212 656 3294 expectetis,
681 3211 756 3274 dum
782 3246 820 3255 -
847 3212 970 3274 redeam
995 3246 1052 3274 —.

207 3314 301 3379 Truo.
319 3316 394 3380 482.
420 3318 494 3381 dum
512 3318 701 3402 praedicem.
748 3316 877 3382 Incerta
900 3316 1003 3381 forma
1027 3322 1075 3380 est
1098 3318 1131 3380 in
1155 3316 1206 3381 Ps.
1235 3317 1330 3382 1168.

208 3421 308 3486 Mero.
326 3424 421 3488 1015.
446 3422 550 3488 Immo
573 3425 715 3488 dieamus
738 3424 861 3489 senibus
884 3425 975 3508 tapam
1000 3444 1103 3488 eeaseo

445 3531 544 3594 Prius
570 3551 663 3615 quum
687 3530 891 3615 [lelabeumus
915 3567 971 3595 -.

315 3726 346 3790 4.
393 3725 713 3809 Comparativae
737 3727 925 3792 sententiae.

314 3849 543 3915 Coniunctivus
586 3855 634 3914 est
672 3851 705 3914 in
741 3852 913 3916 universali
948 3851 1183 3934 comparatione
1218 3851 1274 3933 (ut
1287 3879 1328 3904 =

206 3956 385 4042 utcumque)
394 3977 405 4021 .·

207 4079 328 4164 Amph.
347 4081 421 4146 960.
448 4082 586 4145 Proinde
609 4084 656 4146 eri
679 4089 718 4146 ut
741 4083 832 4164 siut,
857 4084 921 4166 ipse
943 4083 1016 4145 item
1039 4082 1088 4145 sit.

219 4207 223 4214 ·
641 4187 728 4273 [item
752 4192 817 4276 ipse
839 4188 895 4274 Β.]

208 4295 327 4367 Baoeh.
344 4296 419 4363 662.
450 4297 650 4382 Utcumque
672 4319 721 4363 res
744 4298 808 4385 sit,
833 4300 879 4361 ita
902 4298 1045 4362 animum
1066 4297 1185 4367 tabeat.
