3076 5190
681 587 857 654 ,68-

313 768 346 831 Si
380 766 444 831 iam
476 768 509 832 in
542 767 638 833 Poen.
664 769 726 832 351
755 766 883 833 difficile
908 770 979 831 erat
1001 765 1246 854 brachylogiam
1273 769 1335 834 fin-

207 895 296 958 gere,
321 874 447 957 qualem
473 874 715 960 brachylogiam
741 875 934 958 accipiamus
958 874 991 937 in

207 997 299 1062 (lure.
321 999 395 1062 246.
420 997 545 1063 Potin
569 998 780 1064 coniecturam
802 997 920 1080 facere,
944 997 974 1062 ai
996 1017 1126 1064 narrem
1149 998 1209 1064 tibi

420 1104 496 1170 Hac
517 1109 606 1171 nocte
628 1104 712 1186 quod
733 1126 786 1187 epo
809 1103 968 1170 somniavi
990 1103 1173 1170 dormiens?

206 1229 354 1312 equidem
389 1231 528 1295 concedo
559 1252 609 1294 me
632 1230 728 1314 plane
752 1252 816 1294 non
838 1228 1021 1314 intelligere
1047 1265 1088 1275 —-
1112 1231 1174 1294 nisi
1199 1232 1334 1315 quidem

206 1335 303 1400 etiam
327 1334 507 1402 huiusmodi
531 1338 627 1401 nexui
651 1359 723 1400 eam
746 1337 847 1421 possis
870 1336 1059 1401 obtrudere:

434 1461 560 1526 Potin
581 1467 624 1526 ut
646 1461 725 1527 coni.
748 1461 867 1543 samaa,
892 1460 922 1524 si
943 1461 1100 1526 narrem?

207 1570 263 1630 aut
286 1565 361 1632 huic
385 1567 448 1648 (cfr
470 1566 558 1632 Trin.
584 1569 633 1649 5):

414 1681 643 1747 Promittirr
666 1682 744 1748 coni.
762 1684 884 1765 facere,
909 1683 1116 1749 simmam?

313 1796 377 1862 Vel
410 1800 438 1863 si
473 1799 504 1863 id
541 1798 721 1883 exemplum
757 1800 975 1864 examinamus
1010 1800 1095 1884 quod
1130 1822 1170 1865 ne
1207 1801 1335 1886 ellipsis

208 1905 337 1988 quidem
362 1905 481 1970 auxilio
504 1905 638 1990 Langen
650 1902 675 1982 1)
699 1905 803 1990 poluit
825 1906 998 1990 explicare:

206 2021 304 2087 Most.
330 2022 405 2086 462.
456 2021 635 2102 Quomodo
653 2021 784 2103 pultare
802 2021 895 2104 potui
917 2021 948 2085 si
969 2043 1034 2086 mom
1057 2023 1246 2105 tangerem?

207 2159 303 2222 qnam
328 2140 440 2221 aperta
463 2140 512 2201 est
534 2136 697 2202 modorum
722 2137 813 2202 ratio.
849 2135 975 2201 Intimis
999 2138 1083 2202 enim
1100 2138 1238 2204 vinculis
1254 2161 1333 2204 con·

207 2266 290 2308 nexa
313 2249 387 2309 sunt
410 2245 508 2309 verba
526 2243 660 2324 pultare
683 2249 715 2306 et
737 2241 767 2306 si
788 2248 1036 2326 contemperent
1059 2244 1230 2329 (‚‚l‹loplen
1247 2244 1332 2311 ohne

207 2373 246 2416 zu
282 2349 448 2432 rtihren“)‚
492 2372 573 2434 quae
609 2351 715 2415 omnia
750 2351 972 2434 complectitur
1005 2351 1196 2417 vocabulum
1226 2352 1332 2434 potui,

207 2456 340 2540 perinde
365 2479 402 2522 ac
425 2458 453 2520 si
476 2457 631 2540 scriplum
655 2457 712 2523 sil:
907 2445 909 2448 Α

210 2581 276 2662 Quo
299 2581 389 2645 modo
404 2581 485 2665 fieri
500 2580 616 2662 potuit,
640 2586 675 2646 ut
694 2581 911 2662 pultarem,
937 2581 975 2646 si
995 2603 1073 2648 non
1098 2583 1333 2666 tangerem?

208 2691 279 2752 aut:
308 2687 375 2768 Quo
397 2688 489 2752 modo
513 2686 676 2752 credidisti
697 2708 746 2752 me
762 2688 902 2770 pultare,
926 2688 956 2753 si
978 2710 1042 2754 mon
1065 2687 1288 2771 temperemff)

315 2880 334 2948 1)
360 2883 479 2950 Langen
505 2882 592 2936 Beitr.
612 2899 639 2949 p.
658 2881 702 2936 47:
730 2880 871 2950 Lediqliclr
897 2881 983 2936 durch
1006 2881 1058 2936 dm
1076 2881 1178 2937 Modus
1194 2883 1330 2953 urestm'q

206 2971 253 3036 iet,
280 2987 310 3026 ao
337 2969 391 3026 viel
416 2969 459 3025 ich
484 2970 570 3035 weiss,
589 2987 645 3024 mm
672 2969 730 3025 eine
757 2970 859 3040 eimipe
878 2970 975 3025 stelle.-
999 2970 1076 3026 Most
1094 2972 1159 3036 458,
1178 2970 1216 3026 da
1233 2971 1265 3026 in
1282 2971 1330 3027 der

210 3059 285 3115 lltut
300 3059 350 3114 dae
369 3059 459 3129 'Jroaee'
479 3059 561 3114 scibat
577 3076 628 3114 uon
645 3058 706 3113 dem
725 3059 850 3129 'tangere'
870 3059 1005 3130 abhinpig
1025 3059 1069 3114 iat.

314 3147 335 3216 ¹)
351 3151 387 3202 In
406 3150 540 3216 exemplo
559 3149 635 3215 quod
655 3154 700 3202 est

207 3237 272 3292 (tas.
291 3238 354 3292 440.
395 3235 502 3291 Volui
530 3235 686 3302 Olmtirrum,
705 3237 730 3291 ei
748 3237 821 3292 dorni
839 3240 914 3302 esset,
933 3239 1048 3292 mittere.

207 3344 266 3381 non
285 3342 405 3381 necesse
425 3331 470 3379 est
481 3327 626 3380 excultam
639 3327 698 3381 vim
712 3327 823 3380 irrealis
836 3327 998 3395 praesentis
1011 3328 1150 3396 accipere,
1164 3328 1217 3382 sed
1230 3345 1327 3383 veram

208 3416 356 3484 praeteriti
384 3415 523 3482 temporis
552 3416 699 3469 notionem
727 3432 787 3470 non
815 3417 912 3469 minus
930 3432 1087 3483 agnoscere
1106 3417 1175 3471 licet
1193 3434 1281 3485 qnam
1297 3417 1327 3469 in

206 3507 253 3559 Ps.
272 3504 325 3558 285
342 3505 380 3571 (v.
400 3501 497 3571 supra)
515 3505 562 3559 vel
580 3504 611 3557 in
630 3506 693 3558 hoc.
712 3520 811 3559 versu:

206 3595 256 3649 As.
275 3593 336 3648 452.
374 3591 437 3657 Sed,
456 3592 481 3646 si
499 3592 608 3658 domist,
626 3593 824 3648 Demaenetum
850 3592 1017 3660 volebam,

206 3685 225 3737 i.
245 3699 269 3737 s.
293 3684 346 3737 »Es
365 3698 424 3736 war
441 3682 537 3736 meina
555 3683 677 3737 Absicht
695 3684 751 3749 <als
770 3683 817 3737 ich
836 3683 938 3737 hiehsr
956 3683 1038 3750 ging)
1057 3703 1113 3730 -›

313 3772 349 3826 In
369 3771 433 3826 (tas.
452 3771 507 3825 440
524 3771 623 3839 igitur:

288 3859 382 3914 Meum
402 3859 545 3914 comitium
558 3859 632 3930 fcit,
652 3863 685 3914 ut
705 3859 859 3926 Chalinum,
878 3859 903 3914 si
921 3859 1088 3925 immicaret,
1107 3863 1251 3917 mitterem.

207 3951 280 4004 Nam
300 3951 389 4005 verba
407 3948 526 4004 volebam
544 3956 574 4004 et
593 3949 666 4004 volui
684 3951 769 4004 solito
789 3952 984 4004 Romanorum
1003 3967 1083 4004 more
1096 3957 1236 4018 usurpata
1252 3955 1326 4019 sunt,

206 4041 312 4108 quibus
334 4039 475 4107 placebat,
502 4040 676 4106 ubicumque
695 4041 757 4093 fieri
777 4044 884 4107 posset,
907 4041 1054 4107 praeteriti
1073 4041 1214 4108 temporis
1233 4041 1326 4096 verbis

206 4129 258 4195 nti,
277 4129 393 4183 etiamsi
412 4129 448 4182 ad
468 4145 606 4195 praesens
633 4134 748 4196 tempus
768 4145 859 4195 aequo
878 4130 941 4182 iure
959 4145 1020 4183 rem
1040 4131 1149 4183 referre
1168 4130 1278 4196 ficeret,
1295 4132 1328 4182 ut

296 4218 384 4271 Merc.
403 4216 465 4271 434.
505 4216 564 4286 Quo
582 4217 712 4271 vernem?
730 4220 832 4285 (Prave
852 4219 971 4284 Ussing:
992 4235 1044 4286 qao
1062 4217 1148 4273 cortic
1167 4221 1224 4286 tet)

295 4306 355 4359 Mil.
374 4305 443 4362 86'1.
506 4306 583 4361 modo
600 4305 722 4361 intellexi
738 4309 828 4375 (mun
847 4309 980 4362 verstehe
999 4308 1082 4377 ich›),
1101 4307 1171 4363 cist.
1189 4308 1252 4364 699.
