3076 5190
676 537 854 602 -26-

206 715 322 781 Bacch.
338 716 411 781 178.
429 715 584 779 Mirumst
606 737 653 780 me
676 723 710 779 ut
733 716 856 779 redeam
880 724 907 779 te
930 737 1019 800 opere
1042 723 1128 779 tauto
1151 736 1313 801 quaesere,

433 824 509 902 Qui
532 823 619 887 uttre
641 824 714 886 tine
737 823 824 886 uutto
846 830 936 906 poeto
955 824 1118 906 possim,
1142 825 1172 886 si
1194 824 1299 887 celim.

313 929 408 994 Blase
422 927 447 1012 1)
471 934 578 995 cetera
602 931 730 1014 quidem
754 953 828 994 vere
853 931 995 1015 disputat
1019 931 1057 994 de
1076 932 1174 996 verbo
1187 953 1329 1016 possum,

206 1038 260 1101 sed
284 1037 368 1121 quod
391 1038 423 1100 in
448 1037 508 1100 hoc
531 1059 625 1101 versu
648 1060 706 1120 pro
723 1038 922 1102 coniunctim
938 1038 1147 1102 indicativum
1169 1039 1329 1103 substitu-

205 1147 274 1207 tum
307 1144 383 1220 vult,
410 1145 438 1208 ei
473 1166 537 1208 non
561 1144 592 1206 in
620 1148 758 1208 mentem
783 1145 880 1221 venit,
905 1145 938 1208 in
962 1146 1143 1209 concessiva
1166 1147 1330 1210 sententia

206 1251 342 1315 relativa
365 1252 601 1316 coniunctivum
625 1273 681 1315 suo
705 1250 774 1315 loco
798 1273 876 1316 esse.
916 1306 921 1315 .

314 1366 411 1445 Quom
436 1366 686 1431 adversativum:

206 1471 298 1556 capt.
321 1473 394 1537 146.
421 1474 553 1537 Alienus
571 1494 684 1558 quoue
699 1476 766 1537 eius
782 1474 1008 1537 incommodum
1025 1482 1089 1538 tam
1105 1496 1196 1560 uepre
1209 1454 1327 1557 feriis,

420 1579 504 1658 Quid
528 1602 574 1644 me
592 1587 717 1664 patrem
736 1603 802 1665 pur
824 1581 965 1662 fucerest,
994 1585 1066 1666 quot
1090 1582 1171 1646 illest
1193 1583 1331 1646 urricus?

312 1693 363 1759 Ne
398 1695 449 1760 hic
486 1696 613 1779 quidem
650 1697 714 1760 ullo
747 1696 896 1761 Plautino
920 1697 1065 1780 exemplo
1088 1697 1217 1780 probari
1241 1701 1326 1781 pote·

207 1806 281 1865 runt
303 1804 402 1867 verba
425 1803 596 1867 Luebberti
622 1802 675 1868 (11.
701 1801 791 1869 Stud.
816 1801 858 1881 11,
884 1826 915 1887 p.
942 1804 1016 1868 126:
1045 1803 1254 1888 ,conjunctiv
1278 1826 1325 1868 11·

206 1908 335 1972 1111111111
358 1931 398 1973 an
423 1910 473 1974 die
493 1910 647 1973 indirecte
665 1909 785 1983 Rede“,
803 1933 875 1974 oum
892 1910 970 1974 haec
994 1910 1154 1974 sententia
1175 1932 1238 1974 non
1255 1911 1326 1974 uni-

206 2016 338 2079 versalis
361 2017 403 2081 sit
415 2013 450 2097 ²).
486 2015 568 2080 Tuto
591 2017 694 2100 igitur
717 2041 787 2081 cum
814 2018 974 2082 Dittmaro
987 2013 1012 2098 ⁸)
1032 2018 1222 2081 contendere
1239 2017 1325 2093 licet,

206 2121 267 2186 hoc
291 2144 358 2186 esse
382 2145 491 2188 verum
516 2123 700 2187 Plautinum
724 2125 904 2208 exemplum
929 2125 1121 2189 coniunctivi
1137 2129 1208 2209 post
1232 2145 1324 2210 quom

207 2230 437 2293 adversativum
460 2230 616 2314 usurpati.

314 2337 373 2400 Sed
397 2336 526 2400 1111111
551 2336 601 2400 his
625 2337 779 2421 exemplis
814 2360 877 2401 non
913 2338 970 2402 soli
994 2337 1181 2403 subiunctas
1209 2337 1326 2401 rationi

208 2443 426 2508 coniunctivus
462 2443 625 2519 debeatur,
659 2447 766 2507 tamen
791 2444 895 2509 elucet
929 2445 1054 2508 facilius
1089 2444 1325 2508 coniunctirum

207 2551 373 2633 provenire
408 2551 441 2615 in
475 2552 652 2630 sententiis,
688 2573 769 2634 quae
805 2552 844 2615 ad
877 2552 1068 2615 infinitivum
1093 2573 1126 2615 se
1150 2550 1326 2635 applicant,

208 2678 304 2740 quam
327 2657 360 2719 in
384 2657 440 2732 eia,
464 2679 546 2741 qnae
571 2657 656 2740 apud
680 2657 868 2722 indicativos
891 2630 973 2722 111111.
1021 2655 1105 2721 Nam
1121 2659 1255 2721 verbum
1275 2679 1328 2721 re·

208 2784 297 2846 gens,
322 2785 384 2847 quo
407 2764 558 2828 iudicium
584 2764 741 2848 quoddam
766 2765 963 2848 exprimitur,
988 2758 1083 2828 111111
1106 2764 1217 2840 efficit,
1241 2768 1279 2828 ut
1294 2765 1328 2828 in

208 2870 377 2935 subiuncta
400 2872 530 2955 periodo
554 2872 657 2956 magis
681 2871 817 2935 excellat
841 2894 879 2935 ea
903 2870 1035 2935 modalis
1059 2872 1117 2950 vis,
1146 2893 1228 2955 quae
1252 2893 1328 2935 con·

208 2977 383 3042 iunctivum
407 2979 613 3042 secundariae
637 2979 814 3042 sententiae
839 2978 957 3042 eliciat.

315 3121 345 3184 3.
380 3119 425 3184 At
448 3142 520 3184 cum
543 3121 764 3184 subiunctione
781 3120 848 3184 sola
865 3143 926 3184 non
946 3120 1032 3183 affici
1049 3120 1183 3184 dicimus
1198 3122 1328 3184 senten·

208 3227 279 3304 tias,
297 3248 380 3310 quae
403 3227 436 3290 in
453 3229 547 3291 rebus
564 3228 659 3291 certis
676 3230 851 3302 versantur,
865 3247 962 3289 unum
979 3225 1105 3288 dicendi
1121 3246 1222 3310 genus
1240 3227 1328 3291 exci-

209 3333 358 3417 piendum
383 3355 451 3397 esse
475 3334 611 3398 videtur.
648 3331 731 3396 Nam
757 3337 792 3397 ut
816 3334 855 3397 ad
872 3331 1019 3396 irrealem
1037 3336 1093 3395 ant
1108 3334 1327 3398 tantummodo

209 3441 382 3526 cogitatam
418 3441 630 3525 (negativam)
664 3441 824 3504 notionem
848 3439 1118 3514 coniunctivi,
1143 3440 1197 3522 qui
1222 3444 1270 3503 est
1295 3440 1328 3504 in

128 3554 131 3558 ’
208 3547 438 3632 interrogativa
462 3552 517 3611 aut
540 3547 751 3611 condicionali
774 3547 942 3622 sententia,
962 3546 1181 3609 secundariam
1198 3549 1328 3610 senteu-

209 3656 297 3730 tiam,
322 3655 497 3738 quamvis
521 3675 599 3718 rem
623 3657 767 3718 certam
791 3654 995 3738 exprimat,
1025 3652 1109 3716 infra
1131 3653 1327 3735 reperiemus

317 3812 336 3880 ¹)
353 3814 450 3867 Blase:
470 3814 513 3866 De
532 3813 681 3866 modorum
701 3817 921 3880 temporumque
941 3812 1151 3879 permutatione
1169 3841 1202 3848 -
1222 3812 1328 3878 Argen·

209 3904 294 3956 torati
315 3902 384 3956 1885
403 3920 429 3970 p.
449 3902 485 3956 40
503 3919 544 3970 sq.

316 3990 405 4059 ²)Gfr
423 3992 613 4046 indicativum
633 3991 735 4044 similis
755 3991 880 4057 periodi:

210 4082 290 4150 Oapt.
301 4081 362 4135 955.
385 4080 458 4148 Quid
475 4097 517 4134 me
536 4082 641 4148 oportet
652 4078 757 4148 facere,
775 4079 830 4132 utu¹
850 4082 880 4132 tu
900 4078 962 4131 talts
980 4082 1024 4131 vir
1036 4077 1145 4147 falsum
1163 4079 1328 4132 autumas.

210 4172 259 4227 ubi
279 4170 495 4225 coniunctivum
514 4186 551 4223 ne
570 4170 695 4236 cogitare
714 4169 829 4235 quidem
850 4185 1012 4235 possumus.

317 4256 487 4327 ¹)Dittmar,
516 4259 595 4314 Stud.
615 4275 665 4312 zur
684 4259 780 4313 latein.
800 4258 985 4313 Moduslehre
1014 4256 1130 4324 Leipzig
1150 4256 1217 4311 1897
1238 4273 1265 4327 p.
1283 4256 1327 4313 54.
