3076 5190
674 576 872 649 -111-

207 761 242 822 et
265 759 303 823 ad
328 759 545 824 coniunctivos
569 782 599 844 p.
624 760 753 824 ros-5
779 762 893 825 citatos
918 763 1013 827 etad
1038 763 1228 829 indicativos
1251 786 1331 849 quos

207 865 272 930 iam
296 867 442 930 tractabo
466 869 498 930 te
523 867 637 931 refero.

317 996 470 1083 Sequitur
493 1000 629 1065 relativa
652 1002 821 1066 sententia.

210 1104 277 1168 Mil.
304 1106 399 1170 1054.
426 1110 501 1190 Ape,
525 1108 570 1171 mi
594 1107 740 1185 Achilles,
763 1108 821 1191 fiat
844 1109 940 1193 quod
963 1116 995 1172 tc
1018 1130 1090 1174 oro.

209 1210 301 1276 Cure.
329 1213 402 1278 180.
425 1212 493 1278 Siti
516 1216 644 1299 quisque
666 1214 798 1279 habeant
821 1216 918 1300 quod
939 1226 1090 1280 suomet.

209 1318 471 1384 Rauranum
494 1322 550 1385 illo
572 1322 687 1402 nidulo,

424 1427 461 1492 Si
483 1431 600 1513 rapina,
625 1431 750 1513 sopior:
785 1427 931 1510 accensu
960 1432 1057 1515 quod
1079 1432 1112 1495 di
1136 1432 1231 1495 dont
1254 1432 1333 1496 boni.

522 1532 617 1618 [dont
639 1534 677 1610 B,
702 1537 826 1601 danunt
849 1537 925 1600 daut
950 1536 1024 1620 OD]

318 1649 468 1715 Dubitari
491 1654 604 1735 potest,
629 1654 736 1716 utrum
761 1653 800 1716 ad
823 1657 942 1717 certam
966 1675 1033 1717 rem
1055 1653 1207 1737 respiciat
1225 1675 1333 1718 versus

209 1755 303 1821 Most.
324 1757 399 1822 594.
425 1779 502 1842 opos
524 1760 631 1843 quod
653 1760 692 1822 ia
715 1767 886 1824 renouat.

426 1863 500 1927 Non
524 1865 589 1944 dot,
613 1885 676 1928 oon
700 1864 792 1929 debet.

608 1967 770 2053 [monum
794 1971 852 2051 est)
876 1969 934 2054 A.]

209 2106 245 2166 ut
279 2103 380 2167 voluit
414 2100 552 2188 Ussing:
592 2104 693 2187 „quod
729 2125 812 2168 nunc
837 2105 904 2168 fieri
930 2109 1050 2188 potest:
1080 2109 1115 2169 ut
1137 2111 1255 2170 sortem
1280 2129 1333 2172 ac·

209 2211 341 2293 cipias“,
367 2233 407 2274 an
431 2212 663 2294 comparandus
686 2212 729 2275 sit
751 2235 780 2275 v.
806 2212 886 2277 601:
913 2211 1088 2291 „Molestus
1110 2234 1148 2276 ae
1163 2214 1226 2276 eis:
1247 2234 1334 2276 nemo

209 2320 283 2383 dar.-
306 2340 361 2402 αρε
384 2319 475 2402 qaid
497 2319 630 2383 lubel‘st
676 2320 736 2383 Sed
757 2319 854 2382 etiam
877 2319 904 2382 si
928 2318 1055 2383 infinita
1071 2324 1119 2383 est
1134 2320 1191 2383 illa
1207 2323 1335 2383 senten-

209 2425 265 2504 tia,
300 2426 478 2508 praesentis
513 2425 666 2508 temporis
694 2430 781 2490 certe
807 2429 868 2490 est:
905 2427 1116 2512 quodcumque
1138 2429 1172 2490 in
1196 2434 1334 2492 monost.

210 2529 262 2596 Sic
297 2532 473 2615 simplicior
508 2536 594 2595 certe
629 2532 778 2614 periodus
813 2533 860 2608 fit,
895 2555 991 2617 quam
1027 2534 1053 2597 si
1085 2556 1158 2598 cum
1180 2532 1335 2619 Ussingio

209 2639 347 2722 primunr
383 2638 563 2702 audiamus:
599 2660 676 2722 opos
698 2640 781 2724 quod
803 2642 837 2702 in
860 2650 988 2704 monast
1013 2639 1259 2725 <susurrem
1283 2662 1335 2703 oc-

209 2741 341 2828 cipias),
378 2745 491 2809 deinde
526 2765 590 2809 con
624 2746 688 2823 dot,
713 2767 775 2809 oon
802 2747 885 2810 debet
910 2746 971 2832 (ac.
995 2744 1179 2830 foenus).
1226 2747 1335 2811 Etiam

209 2851 363 2916 credibile
387 2854 446 2927 est,
471 2873 542 2915 cum
566 2852 600 2915 in
624 2850 684 2916 hac
708 2874 823 2916 scaena
848 2854 989 2918 dirersas
1013 2855 1213 2918 recensiones
1234 2854 1335 2917 multa

209 2959 275 3022 sint
308 2980 390 3042 quae
427 2962 566 3043 arguant
600 2958 650 3039 (ut
678 2959 853 3043 comparati
876 2983 926 3024 vv.
952 2960 1017 3024 588
1042 2963 1075 3024 et
1098 2960 1161 3025 576
1186 2982 1243 3044 sq.‚
1269 2961 1333 3024 592

210 3070 243 3129 et
278 3066 342 3130 599
377 3087 436 3148 sq.‚
472 3065 536 3130 593
573 3070 605 3129 et
640 3066 714 3130 607.
738 3089 769 3130 v.
794 3048 918 3130 Schoell
942 3089 970 3130 a.
995 3065 1028 3130 h.
1052 3065 1099 3144 1.),
1126 3064 1184 3129 hos
1208 3086 1335 3149 quoque

209 3194 321 3237 versus
346 3172 411 3237 594
434 3194 481 3256 sq.
507 3175 539 3235 et
563 3172 625 3236 601
652 3173 792 3237 eiusdem
816 3172 1060 3256 significationis
1093 3194 1172 3251 esse,
1201 3172 1335 3237 fortasse

211 3280 348 3344 alterum
372 3279 412 3342 ad
437 3278 569 3342 alterius
593 3279 835 3342 similitudinem
860 3280 1060 3363 compositos.

317 3508 359 3577 Il.
406 3508 573 3574 Relativae
597 3514 678 3573 seut.
703 3510 915 3587 infinitae,
939 3532 1042 3594 quae
1075 3511 1122 3574 ad
1150 3511 1335 3576 futurum

210 3623 373 3702 tempus
397 3620 604 3701 spectant.

319 3774 347 3815 a.
393 3749 635 3815 Praesentis
673 3750 864 3815 indicativus
903 3772 999 3833 saepe
1037 3746 1210 3832 usurpatur
1248 3771 1336 3815 ver·

210 3861 350 3925 borum
391 3858 611 3922 modalium
659 3861 812 3941 sequente
855 3857 991 3922 relativa
1025 3856 1194 3935 sententia,
1234 3857 1335 3920 semel

210 3968 299 4033 verbi
325 3989 389 4031 non
415 3966 546 4030 modalis
570 3966 784 4051 praecedente
809 3965 866 4029 rel.
892 3968 972 4028 sent.

320 4124 340 4193 ¹)
367 4126 465 4180 Possis
493 4126 579 4178 etiam
604 4141 668 4177 cum
691 4124 823 4177 Morrisio
843 4125 906 4175 Am.
925 4124 1025 4176 Journ.
1045 4124 1076 4175 of
1095 4122 1168 4174 Phil.
1189 4123 1290 4175 XVIII
1309 4140 1336 4191 p.

212 4215 263 4269 147
291 4217 333 4268 ita
359 4216 501 4268 iudicare:
533 4213 645 4267 ‹lmteoo
662 4214 688 4265 is
707 4213 775 4279 only
794 4228 811 4264 a
831 4211 1029 4264 continuation
1049 4211 1105 4263 and
1125 4211 1287 4276 expansion
1306 4212 1338 4264 of

211 4305 262 4358 the
281 4305 447 4371 apodosis».
