3076 5190
667 543 858 608 -124-

206 721 301 786 Poen.
320 724 394 787 928.
421 720 595 806 Bemor<n>
630 721 659 784 si
689 721 740 794 sit,
774 719 829 806 moi
852 722 967 784 malam
994 743 1061 784 rem
1085 720 1168 785 mini
1192 723 1249 802 det,
1270 743 1317 785 me·

525 829 586 893 tito
609 828 728 911 fecerit.

372 934 528 1020 [censoror
552 937 592 1012 A,
616 957 718 999 remor
741 934 777 1012 P,
802 957 880 999 corr.
906 934 993 1000 Gom.
1017 934 1098 1020 qnia
1122 933 1173 1019 A]

205 1043 314 1127 qni:
328 1043 357 1105 si
380 1043 460 1124 qais.
510 1043 656 1108 Relaiiva
680 1046 759 1104 seni.
785 1043 876 1124 quasi
900 1042 1001 1105 altera
1025 1043 1169 1124 protasis
1194 1048 1251 1106 est.

206 1299 268 1384 Ep.
293 1301 367 1366 257.
418 1301 456 1367 si
478 1324 606 1389 aequom
628 1302 686 1367 siet

419 1408 476 1473 Me
506 1411 581 1494 plns
615 1431 723 1495 sapere
756 1429 850 1494 qnam
883 1429 945 1490 oos,
979 1406 1123 1472 dederim
1158 1407 1245 1472 vobis
1265 1430 1322 1472 oon·

526 1515 636 1581 sitium
658 1524 771 1595 catnm,

422 1624 512 1702 Qnod
534 1622 678 1704 tondetis,
702 1631 738 1687 nt
760 1643 812 1706 epo
836 1619 976 1706 opinolr]
1002 1658 1054 1686 -.

212 1727 302 1807 Quod
325 1729 345 1792 t.
360 1757 401 1781 =
414 1737 443 1793 ct
465 1729 501 1794 id
523 1729 667 1794 tondetis.
714 1729 864 1794 Relativs
897 1732 979 1793 sent.
1003 1729 1098 1812 quasi
1131 1729 1238 1794 altera
1260 1751 1325 1812 opo·

209 1834 293 1898 dosis
318 1839 374 1898 est.

209 1939 282 2005 Aul.
308 1942 383 2017 493,
409 1943 493 2008 Men.
519 1945 593 2007 603.

316 2106 342 2148 c.
390 2085 539 2150 Relativa
562 2089 642 2149 seni.
667 2085 810 2168 protasia
838 2084 955 2167 explet.

209 2206 297 2271 Trin.
322 2209 397 2273 472.
423 2210 539 2296 Siquid
562 2210 619 2274 tibi
637 2212 761 2295 placcat
784 2210 866 2294 qnod
887 2207 940 2272 itti
961 2214 1142 2292 compostum
1165 2208 1235 2291 siet,

423 2316 546 2381 Edisnc
571 2318 637 2380 -ἓ
682 2315 753 2394 [tibi
776 2316 816 2380 A.
840 2313 893 2379 illi
917 2313 956 2392 P]

210 2422 279 2486 Mil.
305 2423 379 2488 685.
422 2423 451 2486 si
473 2423 515 2486 sit
538 2445 671 2509 nsquam
691 2421 842 2508 pontium,

430 2529 488 2594 Ubi
511 2552 545 2594 ea
566 2529 665 2614 possit
688 2529 834 2595 inveniri.

470 2636 588 2722 [possit
612 2637 651 2712 A,
672 2635 792 2720 possim
816 2636 851 2715 B,
876 2635 962 2720 possi
985 2633 1074 2720 GD¹]

319 2826 347 2887 2.
395 2823 593 2909 Temporalis
622 2827 781 2889 sententia
804 2824 942 2908 protasis
965 2823 1017 2888 vel
1039 2822 1176 2891 alterius
1199 2822 1329 2908 protasis

212 2931 281 2996 loco
305 2938 354 2995 est
366 2929 400 3013 1).

214 3055 298 3120 Men.
310 3056 399 3128 ,454
429 3056 491 3135 Qni
515 3056 580 3120 nisi
603 3057 710 3122 adsint
732 3079 823 3142 qnom
839 3056 984 3135 citantur,
1000 3075 1110 3118 censns
1125 3053 1235 3138 capiat
1255 3052 1328 3117 ilico.

304 3160 471 3245 [cinetetnr
496 3160 536 3227 Β1
560 3163 711 3228 citenetm·
734 3160 817 3242 01³¹,
838 3161 974 3246 (capi)ot
998 3160 1027 3224 A
1052 3159 1184 3244 capiant
1206 3159 1250 3244 P]

215 3268 312 3332 Mero.
330 3269 405 3334 405.
432 3270 514 3349 Quia
537 3270 596 3334 itta
618 3271 725 3353 forma
748 3266 1048 3351 matremfamilias

429 3377 608 3459 Ftapitinm
624 3377 666 3441 sit
680 3376 725 3441 sei
736 3384 904 3461 sepontum
920 3375 1045 3461 qnando
1055 3371 1184 3437 incedat
1194 3395 1250 3458 per
1260 3370 1328 3448 aas,

431 3484 652 3568 Contemplent,
676 3482 870 3567 conspiciant
893 3487 1006 3546 omaes.
1030 3516 1073 3526 -

507 3589 569 3674 [sic
593 3614 664 3655 oum
688 3591 796 3656 Leone
821 3585 1041 3673 interpungo]

215 3693 311 3759 Poen.
332 3697 405 3762 147.
431 3697 468 3762 Si
494 3735 533 3742 —
558 3697 725 3782 desuperis

435 3803 494 3868 Ubi
517 3805 687 3868 dissotntns
709 3813 744 3868 tn
766 3803 827 3868 sies
849 3824 902 3888 epo
920 3803 1082 3887 pendeam.
1138 3881 1141 3884 ἦ

325 3995 344 4063 ¹)
362 4000 426 4052 Non
445 4017 462 4053 a
480 4016 511 4052 re
531 4006 576 4053 est
594 4001 649 4053 hoc
668 4000 833 4066 exemplum
852 3999 996 4050 conferre:

217 4089 263 4141 Po.
283 4088 343 4141 265.
374 4105 439 4142 nam
466 4089 495 4141 si
521 4087 726 4157 sacruficem
745 4103 849 4141 snmmo
868 4085 929 4140 Ioni
942 4115 986 4150 —‚
1004 4083 1111 4138 interea
1128 4083 1181 4138 toci

288 4177 346 4229 .—7.
380 4176 412 4230 Si
429 4177 501 4231 lncri
520 4177 586 4246 qnid
604 4177 692 4245 detur,
706 4176 802 4245 potins
820 4193 878 4228 rem
896 4174 1021 4228 divinam
1039 4173 1170 4227 deseram.

422 4266 490 4324 :si
508 4266 580 4325 taoni
599 4265 664 4342 qnid
683 4266 772 4330 dctnn,
801 4281 893 4335 quom
921 4261 1126 4337 sacrificem.
