3076 5190
676 548 851 620 ..70-

311 726 347 798 In
373 733 505 818 reliquis
529 756 577 797 ex.
603 738 658 798 aut
682 733 864 798 concessiva
888 736 943 797 aut
966 734 1113 818 optativa
1131 735 1184 799 ris
1203 734 1344 819 iusuper

204 840 351 905 inhaeret
374 841 585 906 condicionali
609 841 797 912 sententiae,
822 840 1024 905 coniunctivo
1047 841 1243 926 indulgens.

312 964 519 1030 Concessisse
543 969 623 1029 sent.

206 1072 323 1157 Amph.
341 1072 415 1138 450.
444 1072 630 1154 Quadripus
652 1071 690 1135 se'
712 1092 797 1137 nunc
818 1071 1039 1137 inscendas
1061 1071 1155 1136 Iouis

440 1178 544 1261 Alpue
577 1177 652 1243 hinc
678 1178 806 1262 suptus,
833 1179 881 1242 ilo
904 1178 959 1243 cie
976 1177 1098 1260 poteris
1132 1177 1340 1262 essupere

546 1284 771 1368 infortunium.

204 1398 258 1456 As.
285 1392 358 1471 164,
383 1390 454 1457 (las.
479 1392 643 1467 314-16,
669 1391 729 1475 Ep.
755 1391 897 1472 610-1,
928 1391 1022 1456 Most.
1047 1392 1121 1469 351,
1149 1392 1257 1457 Persa
1282 1394 1335 1463 40.

205 1497 296 1564 (lurc.
322 1499 485 1573 449-51,
510 1499 609 1563 Mero.
634 1498 775 1575 595-6,
800 1498 867 1563 Mil.
896 1499 971 1574 803,
996 1498 1047 1564 Ps.
1074 1498 1223 1564 792-3.

312 1622 483 1707 Optativae
507 1627 587 1687 sent.

205 1729 274 1794 Mil.
300 1730 375 1796 763.
420 1729 523 1794 Haud
545 1727 795 1815 ceulesumu<rn>

417 1835 548 1901 Partem
583 1835 654 1900 dici
677 1842 778 1919 utque,
804 1836 901 1902 cllum
930 1836 980 1902 rel
1001 1834 1038 1900 si
1058 1833 1175 1922 s<l>it
1194 1856 1334 1917 possum

524 1963 759 2024 expromere

204 2048 309 2135 (Gapt.
336 2049 425 2133 850),
450 2048 527 2115 cist.
552 2050 627 2127 308,
653 2048 721 2113 Mil.
750 2050 845 2125 1356,
863 2048 959 2114 Poen.
978 2050 1052 2127 351,
1078 2048 1129 2113 Ps.
1149 2047 1330 2131 785-71).

312 2173 376 2240 Sed
399 2198 495 2240 vera
519 2179 642 2259 atque
666 2175 777 2238 iusta
804 2174 1080 2260 brachylogia
1103 2177 1151 2238 est
1176 2196 1226 2252 ea,
1248 2196 1331 2258 quae

204 2282 399 2366 perspicitur
421 2283 453 2345 in

205 2404 292 2470 'Prin
318 2405 392 2470 565.
417 2405 462 2469 El
484 2424 539 2489 epo
561 2425 625 2469 esse
648 2406 791 2486 locuples,
816 2426 923 2470 vuum
945 2404 1154 2487 nequicquam
1178 2404 1258 2468 volo.

434 2512 446 2595 ll
474 2511 652 2588 ln'cr'tumst,
677 2512 708 2576 si
730 2511 829 2576 velles,
878 2511 1033 2596 [Isicllusi
1057 2509 1099 2596 P]

312 2635 394 2712 Quid
429 2637 512 2700 enim
549 2641 597 2699 est
631 2658 745 2721 perse
769 2638 902 2701 verbum
926 2636 1005 2700 illud
1029 2634 1236 2700 auxiliarium
1261 2635 1328 2701 lut

207 2748 273 2808 lum
296 2748 349 2825 est,
373 2743 434 2808 nisi
469 2742 663 2827 cogitatione
698 2743 885 2826 expleveris,
922 2743 998 2826 quid
1026 2742 1069 2806 sit
1091 2743 1175 2826 quod
1200 2741 1329 2807 licuerit

205 2851 226 2914 i.
261 2872 288 2914 e.
327 2848 481 2935 <locuples
515 2846 641 2932 essesl?
698 2850 782 2913 D'um
814 2850 915 2934 igitur
949 2849 1142 2933 cogitatione
1177 2849 1329 2932 supplea-

206 2979 275 3021 mus
297 2957 341 3036 id,
365 2959 447 3043 quod
473 2961 505 3021 ct
528 2958 568 3021 ad
592 2959 782 3021 sententiam
808 2955 901 3041 plane
926 2956 1141 3020 necessarium
1165 2958 1215 3019 est
1239 2956 1328 3020 etin

205 3065 311 3130 verbis
346 3058 500 3149 proximis
535 3065 581 3127 ita
605 3064 705 3139 adest,
730 3066 850 3128 utnon
874 3086 952 3148 opus
976 3063 1074 3127 fuerit
1099 3063 1218 3127 diserte
1242 3062 1327 3127 idem

206 3193 314 3235 rursus
349 3170 538 3253 exprimere,
573 3169 737 3247 habemus,
780 3193 843 3254 quo
878 3192 911 3233 se
947 3170 1067 3234 referat
1100 3169 1327 3234 condicionalis

206 3277 366 3342 sententia
388 3275 419 3341 si
439 3276 551 3341 celles:

399 3399 570 3464 Iucitumsl
594 3399 749 3486 <locuples
772 3397 900 3483 esses>
925 3400 962 3464 si
995 3401 1129 3476 uelles,

205 3531 245 3572 ne
275 3508 345 3592 quis
381 3529 452 3572 cum
476 3508 630 3592 Langeno
653 3508 818 3572 molestam
843 3509 964 3592 ellipsis
993 3508 1236 3592 explicationem
1271 3507 1326 3571 ad·

205 3613 330 3680 hibeat:
358 3615 577 3679 “Lesbonilrus
603 3615 719 3677 lronnte
743 3615 774 3677 in
800 3616 856 3679 der
879 3613 964 3679 Thac
988 3615 1072 3678 reich
1092 3614 1220 3678 bleiben
1240 3613 1327 3698 <und

205 3723 291 3785 wedre
324 3742 357 3786 es
389 3719 577 3804 pelliebenl,
603 3744 695 3786 wenn
731 3744 766 3785 er
800 3744 833 3784 es
870 3721 992 3785 danach
1029 3721 1181 3803 gemacht
1204 3719 1325 3784 hatte‘.

314 3915 334 3981 ¹)
351 3918 385 3968 In
405 3917 460 3968 lioc
479 3916 625 3982 exemplo:

277 4007 323 4058 Pe.
343 4004 403 4058 785.
436 4003 472 4056 Si
490 4003 627 4072 quispiam
645 4003 700 4057 det
717 4003 765 4071 qui
783 4019 881 4057 manus
897 4004 1010 4072 pravior
1027 3998 1086 4070 siet,

375 4095 399 4146 7.
440 4093 622 4160 Oompmmere
640 4093 731 4146 dentes
748 4093 841 4146 uideor
855 4109 959 4160 posse
977 4093 1069 4161 dique
1087 4093 1173 4147 modo.
1213 4122 1216 4127 ·

208 4188 285 4236 certe
314 4182 515 4236 coniunctivae
544 4198 602 4235 non
631 4184 719 4237 verbo
747 4181 840 4235 uideor
866 4183 995 4236 debetur.
1037 4184 1100 4235 Dici
1122 4183 1199 4236 enim
1220 4181 1326 4249 potuit:

207 4269 239 4325 Si
257 4287 300 4339 pu.
320 4270 372 4337 det,
387 4286 501 4340 possum
520 4276 573 4324 etc.
