3076 5190
677 540 849 616 ..18-

205 727 281 794 Aul.
295 731 369 794 750.
387 731 482 793 nimis
507 731 591 793 vilest
615 733 722 793 cirrum
745 739 836 815 atque
859 752 957 812 arnor,

387 836 424 902 Si
458 837 540 901 elm'o
574 845 666 922 utque
700 839 823 901 amanti
845 841 972 921 impune
992 837 1097 919 facere
1132 839 1239 923 qnod
1274 841 1333 903 lu·

493 944 575 1007 beot
597 944 666 1007 licet
676 941 711 1021 ¹).

205 1070 286 1133 Satis
322 1068 492 1133 ostendunt
516 1069 594 1132 haec
618 1070 764 1152 exempla
774 1065 810 1150 ²),
846 1071 908 1134 iam
934 1092 973 1133 ex
1003 1071 1073 1152 ipsa
1101 1068 1330 1134 subiunctione

206 1177 440 1240 coniunctivum
475 1175 642 1259 provenire
666 1178 817 1260 potuisse,
853 1198 924 1240 cum
951 1178 982 1240 in
1007 1175 1056 1240 his
1080 1177 1169 1240 nulla
1192 1177 1330 1260 insuper

205 1283 327 1367 percipi
351 1283 451 1366 possit
473 1283 565 1357 ratio,
591 1283 641 1346 cui
665 1282 716 1347 hic
741 1282 850 1346 modus
872 1284 1043 1359 tribuatur,
1059 1283 1135 1347 licet
1158 1283 1190 1346 in
1208 1284 1327 1347 ceteris

206 1411 255 1453 ex.
280 1390 483 1454 consecutiva
506 1392 562 1453 aut
585 1389 648 1452 alia
672 1390 805 1453 modalis
829 1391 876 1454 vis
900 1391 972 1474 plus
998 1392 1140 1455 minusve
1165 1390 1303 1455 eluceat.

206 1521 257 1587 Ps.
281 1523 356 1587 438.
419 1522 555 1586 Probum
576 1530 698 1606 putrem
722 1544 784 1586 esse
807 1530 932 1606 oportet,
956 1524 1024 1608 qui
1044 1531 1177 1609 pnotum
1198 1544 1291 1587 suom

283 1614 287 1621 ¹
418 1628 498 1692 Esse
516 1628 691 1713 probiorem
715 1651 810 1713 quom
833 1632 920 1713 ipsus
940 1630 1040 1712 fuerit
1059 1630 1249 1715 postulet.

206 1734 288 1801 laud.
315 1736 387 1800 112.
419 1735 615 1800 Peculiosum
639 1756 701 1798 esse
726 1732 892 1819 <url>decet
915 1757 1031 1799 servom
1056 1744 1083 1800 et
1103 1737 1246 1820 probum,

420 1842 536 1921 Quem
558 1863 610 1905 ero
628 1849 791 1925 praesente
809 1851 1047 1926 praetereat
1069 1846 1180 1924 oratic,

340 1950 342 1955 ’
419 1948 488 2013 Aut
510 1950 578 2034 qul
600 1950 797 2012 inclementer
820 1950 932 2012 dicat
955 1950 1074 2013 homini
1097 1950 1200 2015 libero.

390 2055 403 2138 ΙΙ
419 2055 465 2119 Et
488 2056 680 2139 impudicum
704 2063 732 2118 et
754 2056 962 2140 impudentem
984 2056 1135 2120 hominem
1159 2057 1294 2139 addecet,

419 2161 589 2226 Molestum
612 2162 696 2225 ultro
720 2163 867 2227 advenire
890 2163 932 2225 acl
955 2164 1092 2227 alienam
1115 2164 1252 2243 domum,

420 2269 500 2348 Quoi
522 2269 668 2333 debentur
690 2271 745 2332 m'l.

207 2416 346 2476 Sanusne
370 2411 413 2474 sit
434 2434 463 2476 v.
479 2411 542 2475 113
567 2432 638 2474 cum
662 2411 768 2476 Leone
791 2411 883 2474 valde
901 2410 1021 2488 dubito,
1037 2433 1230 2495 quamquam
1247 2434 1322 2496 pro·
1350 2436 1352 2440 ·

207 2518 344 2583 babilam
369 2517 502 2581 sanandi
527 2518 610 2581 viam
634 2539 697 2581 non
720 2517 859 2582 invenio.

207 2650 320 2717 Pseud.
330 2651 407 2717 460.
423 2651 513 2716 Decet
536 2652 726 2716 innocentem
749 2654 818 2736 qui
840 2653 894 2715 sit
917 2659 1009 2736 atque
1032 2653 1193 2716 inuentum

419 2757 545 2822 Servom
567 2759 732 2842 superbum
756 2779 819 2822 esse
841 2759 927 2842 upnel
950 2779 1038 2822 erum
1061 2760 1280 2842 potissumum.

625 2863 790 2942 [innoxius
812 2862 916 2949 libri].

207 2970 288 3036 uuo.
314 2973 389 3037 321.
418 2971 496 3035 Cum
524 2971 723 3036 istiusmodi
756 2972 924 3036 uirtutibus
959 2975 1118 3056 operisque
1141 2980 1235 3036 notus
1258 2976 1325 3058 qui

526 3078 648 3161 seseli,

419 3184 629 3271 Enmqulelem
664 3186 708 3248 ud
740 3185 947 3267 carnificemst
981 3187 1110 3270 aequius
1148 3173 1242 3270 quarn
1283 3188 1328 3250 ad

533 3291 679 3356 Venerem
702 3312 879 3355 commeare.

315 3465 335 3536 ¹)
360 3469 480 3523 Plautus
508 3484 574 3521 cum
602 3473 631 3521 et
659 3468 837 3534 negligenter
864 3468 974 3534 vulgari
1003 3467 1114 3520 scilicet
1132 3468 1259 3520 sermoni
1278 3469 1325 3522 ola

208 3559 313 3611 noxius
339 3558 536 3611 accusativum
564 3557 641 3610 haud
670 3573 734 3609 raro
762 3557 876 3610 omittat
904 3585 937 3593 —
963 3557 1080 3609 namin
1100 3573 1249 3609 servorum
1269 3573 1326 3610 ser-

207 3663 293 3700 mone
311 3647 340 3699 id
359 3648 485 3700 maxime
504 3646 566 3699 fieri
585 3646 736 3700 observavi
757 3675 789 3682 —
809 3651 839 3699 et
857 3646 1019 3713 promiscue
1038 3646 1183 3698 interdum
1203 3651 1326 3714 usurpet

207 3741 274 3804 post
299 3736 503 3802 impersonalia
524 3735 613 3788 verba
631 3751 688 3788 acc.
708 3751 732 3788 c.
750 3736 811 3802 ini,
833 3736 889 3788 dat.
910 3751 932 3787 c.
952 3735 1013 3801 inf„
1033 3735 1193 3801 simplicem
1212 3734 1264 3787 inf.
1281 3735 1326 3802 (ut

208 3829 274 3891 post
292 3826 427 3891 certumst,
447 3827 520 3877 certo
538 3838 581 3876 res
599 3825 645 3889 est,
664 3839 766 3876 neccsse
784 3825 846 3891 est),
859 3825 967 3876 frustra
983 3825 1036 3875 has
1049 3824 1197 3876 iuncturas
1209 3838 1326 3891 semper

208 3914 360 3979 diligenter
378 3914 453 3966 inter
471 3929 502 3966 se
521 3913 727 3965 discernamus.
756 3913 790 3965 Id
809 3913 902 3965 solum
922 3913 968 3965 hic
981 3913 1213 3965 animadversum
1228 3911 1326 3981 velim,

209 4002 284 4068 quod
312 4017 349 4054 ex
377 4003 434 4054 iam
459 4002 554 4055 allatis
582 4002 723 4069 exemplis
751 4002 852 4068 elucet,
879 4003 965 4054 etiam
984 4002 1061 4068 apud
1080 4001 1208 4054 dativum
1229 4017 1252 4054 c.
1271 4002 1324 4054 inf.

208 4097 258 4143 aut
277 4091 435 4158 simplicem
462 4092 514 4143 ini.
534 4092 748 4144 coniunctivum
769 4095 899 4142 nostrum
918 4090 1099 4144 usuvenire.
1137 4091 1179 4142 De
1198 4090 1326 4144 nomina·

209 4181 268 4233 tivo
288 4195 311 4233 c.
330 4180 382 4232 inf.
402 4197 428 4232 v.
448 4181 524 4232 inira
543 4197 567 4246 p.
590 4180 624 4232 64
643 4197 684 4246 sq.

316 4265 337 4333 ²)
355 4268 465 4330 Quibus
484 4269 558 4321 adrle
577 4269 659 4321 Troo.
678 4267 784 4321 ear-5
803 4285 829 4320 v.
850 4285 876 4334 p.
897 4268 938 4321 19.
