3076 5190
676 590 867 653 -127-

210 766 301 832 Cure.
323 768 397 831 268.
424 767 587 852 Siquidem
610 768 759 832 incubare
781 768 875 832 uelint
902 767 971 854 qni
1002 769 1330 852 periuruaerinl

424 873 527 938 Lacus
550 896 610 938 non
632 874 777 959 praeberi
795 875 880 959 potis
903 884 946 939 eet
969 876 1004 938 in
1030 875 1196 960 Genitalia.

593 980 858 1065 [perircrunerunt
882 980 952 1066 EZ]

318 1106 425 1189 Aegre
459 1107 491 1169 in
515 1106 574 1170 hoc
599 1106 746 1190 exempla
770 1107 973 1181 diiudicatur,
999 1111 1104 1171 utrum
1130 1109 1229 1172 futuri
1252 1114 1332 1171 tem-

211 1212 296 1294 poris
332 1213 418 1277 notio
445 1213 604 1278 iacentia
630 1234 705 1277 voce
728 1213 972 1296 periurauerc'nt,
998 1236 1038 1277 an
1062 1235 1100 1277 ex
1124 1215 1260 1297 perlecti
1285 1216 1329 1277 in-

211 1318 349 1383 dicativo
368 1318 616 1402 periuranerunt
641 1320 858 1384 coniunctium
882 1320 936 1383 ille
962 1321 1143 1403 provenerit
1166 1322 1257 1384 utin

211 1450 330 1534 Amph.
344 1451 418 1515 871.
444 1451 526 1515 Nam
552 1474 619 1515 neca
642 1452 683 1515 sit
706 1454 809 1537 culpa,
841 1453 923 1538 quad
945 1462 1057 1536 eyanret
1080 1454 1330 1517 contraxerim

446 1558 483 1623 Si
506 1558 548 1622 id
573 1561 761 1622 Alcumenae
783 1557 943 1622 innocenti
965 1567 1093 1642 expelat.

210 1662 301 1747 capt.
329 1664 403 1728 203.
440 1674 473 1729 ut
494 1668 599 1749 piqeat
618 1634 732 1749 postici

446 1771 597 1836 Nostrum
620 1792 718 1848 erum,
743 1771 772 1834 si
794 1793 859 1835 noe
883 1771 999 1835 eximat
1022 1771 1156 1836 runculis

445 1880 511 1941 Aut
534 1880 649 1942 solutos
672 1877 768 1958 sinat,
792 1899 888 1964 quoe
911 1887 1039 1962 uraereto
1062 1880 1212 1943 emerit.

531 2035 541 2074 .·
564 2011 600 2074 iot
621 2010 704 2097 quod
726 2020 837 2096 coornet
863 2011 1065 2076 contraxi.

529 2141 539 2181 :
562 2139 613 2182 nos
636 2140 711 2203 quoe
734 2127 862 2202 arycnta
885 2118 988 2182 emit.

315 2248 399 2315 Nam
425 2252 522 2315 etiam
547 2251 626 2316 hoec
650 2252 784 2336 perlecti
810 2252 997 2316 assimilatio
1021 2257 1133 2336 aperto
1156 2257 1213 2332 est,
1228 2254 1254 2317 si
1275 2277 1331 2338 pro

209 2356 300 2422 relat.
318 2359 569 2423 condicionalem
591 2359 781 2423 sententiam
800 2359 838 2422 nd
855 2358 940 2422 hunc
957 2359 1082 2423 modum
1099 2361 1321 2425 substituimus

299 2491 436 2583 Siquid
458 2501 571 2577 suomet
594 2491 816 2572 contraxerim,
841 2491 877 2555 id
899 2500 1003 2556 autem
1027 2493 1098 2558 Alc.
1123 2501 1251 2577 expetat.

299 2598 336 2664 Si
359 2621 411 2663 uos
433 2608 563 2684 arqenta
587 2598 704 2679 emerit,
728 2599 782 2662 sed
800 2608 871 2682 past
894 2600 1009 2662 solutos
1031 2598 1126 2663 siccut.

316 2732 481 2798 causalem
506 2732 639 2797 forsitan
664 2754 733 2796 esse
758 2732 876 2795 dixeris
893 2733 1129 2798 coniunctirum
1146 2733 1178 2796 in
1196 2733 1330 2800 relativa

208 2845 288 2902 sent.
325 2838 497 2923 Capenos
522 2839 583 2912 (cfr
596 2839 685 2915 258).
720 2836 808 2913 Quod
834 2838 902 2903 iure
927 2839 989 2902 dici
1006 2843 1121 2922 potest,
1138 2861 1209 2904 cum
1226 2862 1331 2905 eorre-

208 2946 266 3010 lati
301 2946 370 3011 loco
404 2947 447 3010 sit
474 2967 648 3030 pronomen
672 2966 723 3008 uas
746 2949 848 3009 certos
872 2944 1017 3009 homines
1041 2946 1221 3030 designans.
1269 2945 1329 3011 Sed

209 3076 271 3118 non
306 3058 364 3128 est,
389 3075 445 3117 our
472 3054 533 3118 duo
556 3053 613 3117 illa
636 3051 783 3135 exempla
807 3052 1033 3128 discernamus,
1059 3054 1091 3116 in
1115 3054 1231 3136 quibus
1255 3075 1330 3117 con·

208 3160 342 3225 iunetiri
377 3160 544 3224 assimilati
580 3163 727 3224 naturam
757 3159 868 3222 eadem
892 3160 945 3223 ria
968 3159 1064 3223 licent
1087 3160 1257 3243 explicare,
1291 3162 1328 3224 ad

208 3267 441 3332 adversativam
465 3266 694 3350 paratacticom
719 3265 912 3329 iunctionem
936 3260 1165 3347 regredientes.
1185 3265 1328 3342 —Quae

209 3374 410 3438 adversativa
444 3373 492 3438 ris
520 3377 632 3457 aperta
656 3376 704 3436 est
728 3372 825 3435 etiam
849 3373 882 3435 in
907 3372 966 3435 hac
990 3373 1117 3436 infinita
1140 3376 1221 3439 sent.
1246 3372 1328 3437 rela-

207 3482 283 3557 tivo,
309 3502 390 3565 quae
415 3481 610 3545 adverbum
635 3477 702 3542 ulia
726 3501 759 3542 se
784 3479 943 3562 applicat:

207 3597 276 3661 Mil.
305 3597 355 3661 19.
423 3595 484 3660 Nil
507 3596 606 3660 lrercle
629 3595 684 3658 lroc
706 3592 859 3679 quidemst

422 3700 544 3767 Procul
559 3700 627 3765 aliu
642 3699 746 3765 dicam
761 3736 804 3745 -
820 3721 912 3786 quae
936 3708 969 3763 tu
992 3721 1165 3786 numquam
1179 3701 1329 3782 feceris

529 3805 655 3893 [lqu)ae
677 3815 711 3870 tu
736 3806 776 3884 A,
802 3812 835 3870 tu
859 3828 937 3892 quoe
961 3805 1012 3891 P].

315 3940 512 4007 Indioatirus
535 3942 568 4005 in
592 3941 749 4005 similibus
773 3944 853 4004 sent.
879 3939 969 4023 ant.
995 3941 1070 4018 416,
1089 3941 1153 4004 906
1170 3963 1221 4004 res
1238 3962 1330 4004 veros

207 4049 396 4133 simpliciter
420 4049 569 4133 explieat.

315 4183 366 4247 Ad
391 4183 627 4247 coniunctivum
651 4183 795 4245 infinitae
821 4178 853 4243 ll
877 4202 1029 4264 personae
1053 4181 1199 4262 („man“)
1215 4202 1328 4245 secun·

207 4291 298 4354 deria
331 4290 491 4355 sententie
526 4288 729 4364 assimilatur,
765 4289 792 4351 si
828 4289 867 4352 nd
892 4288 975 4351 idem
1001 4287 1180 4352 universale
1204 4289 1322 4353 subiec-
