3076 5190
680 593 719 607 ..
745 546 787 625 32'
813 591 840 608 a

312 732 362 800 Ex
385 736 505 802 futuri
529 738 681 821 temporis
705 742 785 803 sent.
810 760 891 822 quae
916 743 965 802 est

206 842 297 907 Cure.
319 844 393 908 555.
419 843 505 924 Quid
527 844 624 927 refert
646 866 694 909 rae
716 843 825 926 fecisse
856 883 906 925 —,

418 987 463 997 -
485 951 514 1015 33
537 951 587 1015 lete
610 973 658 1015 me
680 951 770 1016 hodie
794 988 834 996 -
859 951 1029 1016 deriserit?

205 1057 250 1121 nil
274 1057 419 1122 concludi
442 1063 556 1143 potest.
604 1058 762 1123 Absoluta
785 1064 834 1123 est
861 1059 1046 1144 hypothesis
1070 1060 1104 1124 in
1128 1060 1225 1126 Most.
1250 1059 1332 1128 239.

313 1185 343 1247 2.
379 1182 625 1268 Temporales
649 1184 836 1262 sententiae,
863 1185 978 1268 quibus
1002 1185 1036 1248 in
1059 1185 1233 1250 universali
1258 1209 1333 1250 sen·

205 1291 378 1354 tentiarum
402 1313 484 1355 nexu
507 1290 659 1374 temporis
683 1291 841 1374 quoddam
864 1293 1003 1374 spatium
1021 1293 1180 1370 definitur,
1204 1293 1331 1357 indica·

207 1399 306 1462 tivum
331 1399 502 1482 praebent:

205 1504 393 1570 Merc.550.
420 1506 608 1569 Adulescens
635 1503 856 1590 quomaee's1),
892 1514 958 1570 tura
993 1514 1136 1592 quomst
1170 1506 1331 1592 coeperis

525 1612 686 1697 inteper,

420 1718 479 1782 Rei
491 1727 572 1786 ,tuoe
595 1720 798 1804 quaerundae
821 1718 959 1783 comeret
982 1741 1108 1804 operam
1132 1721 1217 1784 dore.

206 1825 304 1889 Persa
320 1827 392 1891 113.
418 1826 512 1889 Dum
537 1833 691 1905 moreest,
717 1825 818 1889 333333
840 1848 903 1890 3333
927 1826 1069 1890 mortalis
1092 1828 1183 1891 decet.

315 1949 343 2014 Α
367 1951 505 2034 simplici
528 1951 686 2014 infinitivo
709 1951 828 2034 pendet
850 1955 948 2034 temp.
973 1956 1054 2015 sent.
1078 1953 1112 2015 in

208 2057 301 2121 Most.
320 2059 395 2122 379.
421 2056 604 2122 Miserumst
627 2079 711 2141 opes,

420 2163 529 2247 Ipr'tur
563 2165 683 2228 eternum
718 2165 824 2245 fodere
857 2173 993 2248 puteum,
1029 2164 1096 2228 363
1119 2163 1190 2229 33333
1217 2164 1330 2247 fauces

527 2279 642 2336 terret.
689 2270 782 2334 Truc.
808 2273 883 2336 301.

314 2377 362 2442 De
386 2377 504 2442 Bacch.
530 2378 603 2454 765,
629 2377 697 2442 Mil.
725 2379 821 2458 1169,
844 2378 927 2443 Rud.
954 2378 1017 2442 716
1041 2401 1071 2442 v.
1095 2400 1126 2461 p.
1152 2379 1204 2443 20.

314 2494 344 2556 3.
391 2491 641 2558 Universales
666 2495 801 2578 denique
826 2495 1044 2558 sententiae
1068 2494 1270 2574 relativae,
1294 2495 1328 2557 in

207 2600 322 2683 quibus
358 2601 593 2665 coniunctivum
629 2602 766 2665 vidimus
790 2601 875 2665 haud
899 2623 971 2665 raro
994 2601 1153 2684 usurpari,
1178 2600 1329 2664 indicati-

208 2728 280 2770 vum
306 2707 470 2772 absolutae
495 2708 642 2772 dictionis
666 2709 787 2772 salvum
813 2710 979 2791 praebent,

315 2827 345 2899 a)
377 2844 441 2886 non
465 2823 566 2887 solum
590 2825 646 2888 nbi
670 2823 843 2888 universali
867 2824 972 2908 specie
997 2845 1047 2887 res
1072 2827 1159 2887 certa
1183 2845 1331 2908 compre·

207 2928 374 2994 henditur:

208 3043 301 3109 Most.
324 3045 399 3111 801.
423 3043 525 3109 Lucri
548 3044 703 3131 quidquid
727 3054 779 3124 est,
803 3045 839 3109 ee
862 3047 987 3109 domurn
1011 3046 1133 3109 trahere
1155 3052 1281 3130 oportet.

369 3173 510 3217 =omree
533 3153 657 3216 lucrum
680 3151 775 3216 tutus
798 3152 971 3236 emptionis.

208 3257 293 3322 Men.
309 3259 448 3349 117-8,
466 3257 511 3324 St.
527 3259 590 3324 219
620 3259 716 3342 (Rud.
734 3259 818 3323 1146
842 3258 984 3344 quisquis
1007 3280 1037 3322 33
1060 3260 1093 3322 in
1117 3258 1330 3342 parenthesi),

208 3365 260 3429 vel
294 3366 348 3430 ubi
384 3371 505 3430 certum
533 3365 695 3431 hominum
720 3388 822 3452 genus
846 3366 1127 3450 comprehenditur
1151 3370 1247 3450 atque
1272 3366 1329 3429 de-

208 3471 372 3538 scribitur:

208 3577 302 3644 7333.
329 3579 381 3645 76.
424 3615 463 3625 -
489 3600 610 3644 333333
633 3579 688 3666 put
711 3580 794 3665 quod
815 3581 887 3644 deret
909 3580 1029 3643 batert.

322 3687 395 3752 183.
421 3685 492 3750 Noa
516 3685 619 3765 istaec,
644 3707 713 3750 meo
736 3685 919 3770 teaiqottea
944 3685 1046 3750 decuit
1069 3694 1096 3749 te
1118 3683 1274 3767 fabulari,

423 3793 483 3856 Sed
505 3791 608 3872 istos,
634 3792 689 3877 qut
712 3813 781 3856 cum
802 3791 933 3878 premiis
956 3792 1023 3856 3333
1047 3790 1228 3877 tettiperaat
1246 3812 1329 3876 per·

529 3897 671 3986 repromi.

317 4015 348 4091 b)
384 4015 438 4078 sed
474 4015 571 4079 etiam
606 4015 661 4080 ubi
695 4036 899 4099 pronomen
934 4037 1008 4079 vere
1045 4014 1243 4079 infinitum
1279 4017 1330 4078 est

209 4119 277 4204 (qui
290 4147 331 4174 =
344 4121 370 4184 si
394 4121 474 4205 quis,
499 4122 714 4206 quicumque),

318 4277 337 4346 ¹)
354 4280 383 4331 11
402 4296 542 4346 personae
561 4280 762 4333 coniunctivus
775 4281 812 4332 ad
825 4281 988 4334 universale
1002 4281 1164 4333 subiectum
1182 4284 1327 4347 spectans.
