3076 5190
691 582 861 647 ..93-

208 752 365 845 siquidem
391 766 461 824 orat
497 753 678 844 Chrysalus
712 764 747 824 ut
770 761 847 825 deus
871 760 954 824 hano
978 752 1169 825 sententiam
1195 784 1251 846 pro
1276 777 1333 825 sus

210 867 359 950 accipiat,
385 872 479 951 etque
503 868 549 932 ita
572 868 623 931 dei
647 868 807 931 sententis
830 868 957 952 oblique
982 868 1134 934 redditur.
1174 869 1235 933 Sed
1253 869 1333 932 fina-

209 974 248 1038 lis
283 975 331 1038 vis
366 975 496 1059 insuper
531 976 563 1039 in
598 974 659 1038 hoo
693 975 773 1039 ooni.
798 976 892 1054 inest,
916 975 1067 1059 quoniam
1091 979 1177 1040 reete
1201 976 1332 1041 dieitur:

210 1080 403 1145 Nicobulum
425 1083 496 1146 uolo
516 1084 610 1166 prius
633 1084 793 1146 convenire
815 1103 910 1167 quam
933 1083 1069 1147 sodalem
1091 1084 1234 1147 uiderim.

317 1188 392 1253 Alia
415 1211 540 1274 quoqne
565 1189 712 1273 exempla
736 1193 810 1253 sunt
832 1188 917 1254 haud
943 1211 1054 1274 pauco,
1067 1189 1098 1253 in
1123 1189 1238 1274 quibus
1258 1211 1333 1254 oon·

208 1296 367 1359 iunctivus
402 1318 459 1360 suo
493 1296 562 1361 loeo
596 1300 655 1376 est,
683 1298 780 1360 etiam
805 1318 867 1359 non
892 1297 931 1360 ad
955 1293 988 1360 ΙΙ
1011 1319 1178 1380 personam
1203 1297 1331 1361 relatus.

208 1400 296 1477 Quae
321 1424 370 1466 ex.
395 1403 508 1467 melius
532 1424 689 1467 unacum
714 1403 829 1467 ceteris
861 1404 941 1468 coni.
965 1426 1027 1467 non
1052 1403 1190 1488 obliquis
1213 1407 1333 1468 treats·

209 1508 322 1589 bimus,
346 1510 495 1594 quoniam
520 1533 581 1574 non
606 1510 682 1573 licet
705 1510 889 1587 diiudicare,
911 1514 1017 1574 utrum
1041 1510 1188 1593 obliquus
1213 1510 1331 1594 ubique

209 1616 251 1680 sit
274 1637 386 1698 neone¹

315 1727 351 1788 ut
375 1727 446 1807 post
469 1725 595 1789 dicendi
619 1724 752 1788 verbum

208 1828 307 1893 Persa
321 1822 395 1895 601.
420 1832 528 1915 (roqo)
558 1830 597 1895 Ue
620 1831 675 1894 tibi
693 1833 876 1914 percontari
899 1831 990 1894 licent
1012 1852 1091 1916 quoe
1114 1832 1206 1895 velis:

209 1936 260 2000 vel
284 1935 372 2001 Trin.
397 1938 540 2017 ‹io-42,

316 2048 389 2126 post
412 2045 570 2108 sentiendi
595 2046 726 2109 verbum

208 2149 296 2214 Trio.
321 2151 396 2216 485.
419 2150 519 2233 facito
541 2188 586 2198 —
609 2149 769 2235 eoqites,

422 2257 464 2321 Id
486 2265 643 2342 optumum
669 2279 731 2322 esse
754 2264 817 2322 tute
841 2259 888 2321 uti
910 2260 954 2321 sis
977 2266 1140 2342 optumus:

425 2363 466 2429 Si
488 2365 528 2428 id
550 2386 719 2450 nequeas,
736 2365 845 2428 saltem
868 2372 903 2429 ut
926 2366 1059 2448 optumis
1082 2367 1127 2429 sis
1146 2385 1334 2449 prosumus·

339 2468 401 2554 [sie
426 2470 465 2534 A.
500 2492 596 2556 aeque
618 2472 815 2535 adsalutem
839 2470 936 2551 Boo,
960 2480 1105 2555 optumus
1129 2469 1202 2556 CD]

209 2617 284 2658 nam
309 2595 347 2658 ad
381 2595 616 2661 eoniunotivum
641 2617 773 2682 nequeas
796 2596 842 2660 nil
866 2596 1009 2672 interest,
1034 2600 1139 2661 utrum
1165 2599 1335 2662 antecedat

208 2703 318 2786 ooqites
341 2709 501 2785 optumum
525 2724 587 2767 esse
610 2725 650 2766 an
674 2710 835 2787 optumum
858 2710 911 2767 est.

620 2862 657 2929 B.
704 2867 916 2928 Indioativus.
1054 2824 1061 2863 ⁹

315 2990 492 3054 Licentiam
527 2992 598 3073 post
632 2989 751 3053 iussive
785 2986 817 3052 ΙΙ
852 3009 1006 3072 personae
1035 2990 1132 3053 verba
1164 2989 1331 3054 indicativi

208 3097 365 3161 retinendi
393 3097 614 3160 demonstrant
636 3096 717 3160 haee
742 3118 797 3161 ex:

208 3220 299 3304 Ospt.
322 3221 395 3285 737.
422 3221 525 3305 Atque
548 3220 630 3284 huno
652 3241 701 3284 me
723 3221 798 3284 velle
820 3221 841 3283 d
848 3222 861 3282 i
868 3223 945 3284 cite
960 3222 1014 3305 ‚ita
1037 3221 1191 3299 curoriee,

422 3326 528 3412 Nequi
551 3327 686 3391 deterius
709 3327 782 3390 huie
804 3329 845 3391 sit
868 3348 962 3412 quam
985 3328 1072 3412 quoi
1091 3335 1308 3410 pessumest.

466 3431 530 3518 [ua
553 3455 600 3497 me
622 3435 696 3499 uelle
719 3435 820 3512 dieite,
844 3435 915 3498 troi.
943 3431 1069 3516 Flecte]

208 3540 307 3605 Perea
318 3541 393 3605 383.
425 3540 539 3605 Verum
562 3542 670 3623 videto,
695 3562 742 3605 me
765 3542 817 3605 ubi
839 3542 901 3604 ool
908 3562 946 3605 es
969 3549 1102 3624 nuptum
1126 3541 1212 3621 dare,

422 3647 472 3712 Ne
495 3648 569 3713 haee
590 3649 680 3731 famo
702 3649 805 3731 faeiat
828 3649 1010 3733 repudiosas
1033 3650 1171 3732 nuptias.

590 3754 699 3840 [violes
723 3755 747 3822 G
771 3760 846 3820 onte
869 3753 950 3840 ras]

316 3860 393 3927 Post
427 3861 495 3927 vide
528 3885 567 3927 ue
609 3863 665 3944 (=
678 3872 790 3937 metuo,
813 3863 863 3945 ue)
898 3862 1061 3946 obliquum
1097 3851 1332 3927 ooniunotivum

208 3992 270 4034 non
306 3969 410 4053 magis
446 3975 668 4053 exspectamus
703 3993 797 4054 quam
834 3973 906 4054 post
930 3991 1000 4033 oooe
1023 3991 1060 4033 ue
1084 3968 1133 4048 (ut
1157 3969 1230 4033 Aul.
1256 3970 1332 4048 585,

209 4075 328 4160 Amph.
353 4076 443 4159 608.)
478 4077 529 4141 vel
552 4077 649 4159 facito
674 4078 723 4159 (ut
747 4077 843 4141 Poen.
870 4076 969 4158 1084)
993 4076 1043 4140 vel
1066 4075 1143 4156 uae,
1168 4079 1260 4140 sinite
1284 4080 1342 4153 (ut

207 4183 276 4248 Mil.
303 4183 400 4262 1084,
425 4182 496 4251 Oas.
521 4185 609 4261 206.)
656 4185 888 4249 Assimilstioni
913 4184 1047 4248 debetur
1070 4184 1150 4249 coni.
1177 4184 1207 4246 in
1234 4182 1329 4248 Most.

208 4288 339 4355 soe-7
376 4295 450 4375 post
472 4292 540 4355 eide
563 4313 609 4356 ae.
