3076 5190
685 1083 757 1166 gr.

279 1245 432 1310 Tertiae
455 1259 648 1326 personae
671 1243 836 1309 verbum
859 1241 1066 1324 personale
1090 1243 1152 1308 ost

479 1350 519 1416 in
542 1350 728 1433 primario
751 1349 965 1415 enuntiato.

559 1511 597 1576 A.
644 1516 887 1576 Coniunctivus.

269 1637 401 1719 Proprio
434 1638 525 1720 quasi
558 1636 717 1700 domicilio
741 1639 876 1720 apparet
899 1636 1073 1699 orationem
1099 1635 1272 1720 obliquam,

163 1766 225 1829 qua
260 1745 357 1808 verba
391 1748 447 1808 aut
481 1743 657 1807 sententiae
694 1743 824 1806 alterius
859 1746 1039 1821 narrantur,
1072 1742 1217 1807 habitare
1241 1743 1275 1808 in

163 1851 313 1937 periodis,
349 1873 430 1934 quae
466 1873 484 1913 a
519 1846 567 1913 Ill
592 1871 745 1932 personae
770 1851 867 1914 verbo
890 1849 1039 1932 pendent.
1087 1849 1136 1914 De
1159 1851 1275 1934 quibus

163 1959 193 2022 id
219 1980 342 2041 quoque
365 1961 451 2021 reete
476 1957 601 2034 dicitur,
625 1956 788 2041 obliquum
813 1957 1047 2021 coniunctivum
1074 1958 1218 2041 usurpari
1244 1959 1278 2022 in

163 2066 308 2130 omnibus
331 2047 497 2128 sententiis
530 2063 734 2140 secundariis,
758 2085 839 2147 quae
864 2063 903 2127 ad
928 2086 1010 2142 eum,
1035 2064 1073 2127 de
1100 2087 1163 2148 quo
1185 2088 1279 2150 prae·

164 2173 287 2237 dicetur
310 2172 485 2235 enuntiatio
508 2192 633 2255 regens,
658 2172 800 2252 proxime
824 2171 1012 2236 referantur.

271 2278 330 2343 Sed
361 2278 413 2341 hio
438 2277 562 2341 dicendi
588 2299 661 2341 usus
685 2281 720 2341 ut
742 2279 775 2341 in
798 2277 949 2341 historico
973 2279 1133 2343 scribendi
1157 2301 1274 2364 genere

165 2386 323 2469 frequens,
359 2386 405 2448 ita
439 2385 471 2448 in
496 2384 612 2447 fabulis
636 2383 759 2447 scilicet
781 2384 876 2468 longe
900 2385 1001 2449 rarior
1019 2363 1082 2463 est,
1107 2387 1139 2449 in
1163 2387 1279 2470 quibus

165 2492 268 2576 magis
302 2492 363 2575 ipsi
398 2513 455 2555 sua
479 2491 643 2573 loquentes
671 2490 813 2555 homines
837 2491 1029 2556 inducuntur
1053 2515 1148 2576 quam
1173 2493 1279 2558 aliena

165 2602 339 2663 narrantes.
388 2596 471 2661 Nam
506 2620 546 2661 ne
581 2598 619 2661 de
653 2599 837 2662 continuata
862 2599 1003 2662 oratione
1027 2599 1156 2684 obliqua
1181 2603 1280 2666 verba

165 2707 280 2769 faciam
307 2740 346 2750 —
371 2705 507 2788 quaein
532 2705 672 2789 prologis
697 2705 872 2788 reperitur:
899 2704 1017 2787 Amph.
1039 2706 1280 2788 64--74,81-

167 2813 220 2892 85,
244 2812 341 2881 Mero.
367 2813 508 2889 51-79,
534 2817 564 2875 et
587 2810 619 2875 in
645 2813 825 2875 narratione
849 2812 956 2876 Sosiae
978 2811 1095 2895 Amph.
1114 2815 1278 2893 205-10,

173 2959 204 2969 -
246 2940 283 2982 ne
319 2919 478 2982 breviores
510 2919 639 3002 quidem
673 2918 902 2982 sententiarum
938 2941 1037 2984 nexus
1072 2921 1193 3005 obliqui
1218 2923 1280 2986 usi·

166 3027 225 3090 tati
250 3028 333 3090 sunt.

274 3131 310 3196 In
343 3133 457 3216 quibus
481 3155 552 3196 oum
576 3134 639 3196 iam
664 3133 743 3197 adeo
766 3133 909 3197 excultus
933 3139 1079 3198 ooourrat
1101 3136 1280 3200 coniuncti·

168 3262 224 3303 vus
248 3240 406 3324 obliquus,
430 3243 466 3303 ut
489 3264 507 3304 a
528 3241 687 3304 latinitate
711 3241 919 3323 posteriorum
942 3241 995 3304 vix
1019 3241 1191 3327 discrepet,
1216 3264 1279 3307 non

169 3351 226 3425 est,
249 3348 361 3410 curin
385 3347 538 3430 exemplis
563 3347 784 3410 enumerandis
809 3347 921 3432 longus
945 3349 1024 3413 sim:

278 3491 306 3554 l.
353 3488 592 3554 Condicionales
620 3494 694 3553 sunt
716 3490 910 3555 sententiae:

169 3613 287 3698 Amph.
306 3615 380 3678 206.
402 3613 438 3677 Si
463 3649 501 3659 -
527 3615 620 3677 velint
648 3654 698 3694 -,

279 3769 280 3772 ,
406 3720 442 3785 St
476 3742 554 3805 quae
588 3729 797 3805 asportassent
831 3722 1003 3802 redderent,
1039 3744 1070 3785 se
1102 3725 1282 3786 atterutrum

512 3829 660 3912 extemplo
683 3829 805 3891 domum

406 3935 628 4015 Reducturum,
656 3971 695 3980 —
714 3956 824 4019 paoem
847 3942 937 4019 utque
959 3937 1055 3998 otium

407 4042 494 4105 Dore
529 4043 609 4105 iltis:
642 4045 690 4105 siu
723 4042 815 4104 aliter
837 4044 916 4104 aient
938 4043 1072 4106 animati
1096 4064 1191 4127 neque
1214 4043 1285 4106 dent

513 4171 592 4234 quae
609 4155 705 4233 petat,

407 4255 478 4320 Sese
502 4293 542 4301 -
566 4256 713 4340 oppidum
735 4275 969 4339 oppupnassere.
