<?xml version="1.0" encoding="UTF-8"?>
<!DOCTYPE html PUBLIC "-//W3C//DTD XHTML 1.0 Transitional//EN"
    "http://www.w3.org/TR/xhtml1/DTD/xhtml1-transitional.dtd">
<html xmlns="http://www.w3.org/1999/xhtml" xml:lang="en" lang="en">
 <head>
  <title>
</title>
<meta http-equiv="Content-Type" content="text/html;charset=utf-8" />
  <meta name='ocr-system' content='tesseract 3.04.00' />
  <meta name='ocr-capabilities' content='ocr_page ocr_carea ocr_par ocr_line ocrx_word'/>
</head>
<body>
  <div class='ocr_page' id='page_1' title='image "./deconiunctivopl00thulgoog_0031.png"; bbox 0 0 3076 5190; ppageno 0'>
   <div class='ocr_carea' id='block_1_1' title="bbox 683 543 858 608">
    <p class='ocr_par' dir='ltr' id='par_1_1' title="bbox 683 543 858 608">
     <span class='ocr_line' id='line_1_1' title="bbox 683 543 858 608; baseline 0.011 -19"><span class='ocrx_word' id='word_1_1' title='bbox 683 543 858 608; x_wconf 72' lang='grc'><em>..16-</em></span> 
     </span>
    </p>
   </div>
   <div class='ocr_carea' id='block_1_2' title="bbox 210 720 1388 1023">
    <p class='ocr_par' dir='ltr' id='par_1_2' title="bbox 210 720 1388 1023">
     <span class='ocr_line' id='line_1_2' title="bbox 212 720 1388 806; baseline 0.009 -22"><span class='ocrx_word' id='word_1_2' title='bbox 212 721 293 784; x_wconf 86' lang='lat' dir='ltr'>scire</span> <span class='ocrx_word' id='word_1_3' title='bbox 317 723 400 806; x_wconf 89' lang='lat' dir='ltr'>quod</span> <span class='ocrx_word' id='word_1_4' title='bbox 424 727 572 786; x_wconf 84' lang='lat' dir='ltr'>narratur</span> <span class='ocrx_word' id='word_1_5' title='bbox 596 720 795 805; x_wconf 65' lang='lat' dir='ltr'>[narrant</span> <span class='ocrx_word' id='word_1_6' title='bbox 822 725 906 787; x_wconf 15' lang='lat' dir='ltr'>farma</span> <span class='ocrx_word' id='word_1_7' title='bbox 923 729 980 803; x_wconf 80' lang='lat' dir='ltr'>est,</span> <span class='ocrx_word' id='word_1_8' title='bbox 998 725 1113 803; x_wconf 85' lang='lat' dir='ltr'>audivi,</span> <span class='ocrx_word' id='word_1_9' title='bbox 1132 726 1215 805; x_wconf 85' lang='lat' dir='ltr'>novi,</span> <span class='ocrx_word' id='word_1_10' title='bbox 1234 725 1335 802; x_wconf 71' lang='grc'><em>3666</em></span> <span class='ocrx_word' id='word_1_11' title='bbox 1380 787 1388 795; x_wconf 91' lang='grc'><strong><em>.</em></strong></span> 
     </span>
     <span class='ocr_line' id='line_1_3' title="bbox 211 829 1335 916; baseline 0.004 -22"><span class='ocrx_word' id='word_1_12' title='bbox 211 831 249 894; x_wconf 86' lang='lat' dir='ltr'>ad</span> <span class='ocrx_word' id='word_1_13' title='bbox 274 832 364 893; x_wconf 89' lang='grc'><em>66666</em></span> <span class='ocrx_word' id='word_1_14' title='bbox 387 830 485 894; x_wconf 86' lang='lat' dir='ltr'>Mero.</span> <span class='ocrx_word' id='word_1_15' title='bbox 511 832 574 895; x_wconf 81' lang='lat'>296</span> <span class='ocrx_word' id='word_1_16' title='bbox 599 831 648 893; x_wconf 84' lang='lat' dir='ltr'>cfr</span> <span class='ocrx_word' id='word_1_17' title='bbox 671 832 866 894; x_wconf 72' lang='lat' dir='ltr'>declaramus</span> <span class='ocrx_word' id='word_1_18' title='bbox 889 831 939 895; x_wconf 90' lang='lat' dir='ltr'>Ps.</span> <span class='ocrx_word' id='word_1_19' title='bbox 967 829 1058 916; x_wconf 65' lang='lat'>682}</span> <span class='ocrx_word' id='word_1_20' title='bbox 1100 831 1206 908; x_wconf 80' lang='lat' dir='ltr'>Quare</span> <span class='ocrx_word' id='word_1_21' title='bbox 1223 834 1335 898; x_wconf 84' lang='lat' dir='ltr'>neseio</span> 
     </span>
     <span class='ocr_line' id='line_1_4' title="bbox 210 938 1113 1023; baseline 0.001 -21"><span class='ocrx_word' id='word_1_22' title='bbox 210 962 250 1002; x_wconf 86' lang='lat' dir='ltr'>an</span> <span class='ocrx_word' id='word_1_23' title='bbox 274 939 384 1002; x_wconf 82' lang='lat' dir='ltr'>eodem</span> <span class='ocrx_word' id='word_1_24' title='bbox 408 939 475 1002; x_wconf 90' lang='lat' dir='ltr'>iure</span> <span class='ocrx_word' id='word_1_25' title='bbox 499 939 689 1002; x_wconf 74' lang='lat' dir='ltr'>indicativus</span> <span class='ocrx_word' id='word_1_26' title='bbox 715 938 875 1002; x_wconf 85' lang='lat' dir='ltr'>adhibitus</span> <span class='ocrx_word' id='word_1_27' title='bbox 899 940 941 1002; x_wconf 88' lang='lat' dir='ltr'>sit</span> <span class='ocrx_word' id='word_1_28' title='bbox 965 943 1058 1023; x_wconf 86' lang='lat' dir='ltr'>atque</span> <span class='ocrx_word' id='word_1_29' title='bbox 1082 940 1113 1003; x_wconf 89' lang='lat' dir='ltr'>in</span> 
     </span>
    </p>
   </div>
   <div class='ocr_carea' id='block_1_3' title="bbox 212 1063 1334 1254">
    <p class='ocr_par' dir='ltr' id='par_1_3' title="bbox 212 1063 1334 1254">
     <span class='ocr_line' id='line_1_5' title="bbox 212 1063 1334 1148; baseline 0.001 -23"><span class='ocrx_word' id='word_1_30' title='bbox 212 1063 297 1126; x_wconf 85' lang='lat' dir='ltr'>Men.</span> <span class='ocrx_word' id='word_1_31' title='bbox 325 1064 399 1128; x_wconf 82' lang='lat'><strong>943.</strong></span> <span class='ocrx_word' id='word_1_32' title='bbox 431 1063 470 1126; x_wconf 76' lang='lat' dir='ltr'>Et</span> <span class='ocrx_word' id='word_1_33' title='bbox 500 1071 663 1147; x_wconf 80' lang='lat' dir='ltr'>postquam</span> <span class='ocrx_word' id='word_1_34' title='bbox 700 1085 736 1126; x_wconf 88' lang='lat' dir='ltr'>es</span> <span class='ocrx_word' id='word_1_35' title='bbox 770 1066 898 1127; x_wconf 86' lang='grc'><em>66663363</em></span> <span class='ocrx_word' id='word_1_36' title='bbox 932 1085 1054 1127; x_wconf 84' lang='lat' dir='ltr'>roesam</span> <span class='ocrx_word' id='word_1_37' title='bbox 1084 1078 1138 1144; x_wconf 88' lang='lat' dir='ltr'>(se.</span> <span class='ocrx_word' id='word_1_38' title='bbox 1164 1065 1207 1143; x_wconf 89' lang='lat' dir='ltr'>te)</span> <span class='ocrx_word' id='word_1_39' title='bbox 1231 1064 1334 1148; x_wconf 77' lang='lat' dir='ltr'>airpis</span> 
     </span>
     <span class='ocr_line' id='line_1_6' title="bbox 528 1170 1306 1254; baseline 0.005 -22"><span class='ocrx_word' id='word_1_40' title='bbox 528 1170 700 1250; x_wconf 73' lang='lat' dir='ltr'>subferre</span> <span class='ocrx_word' id='word_1_41' title='bbox 723 1172 814 1233; x_wconf 86' lang='grc'><em>3666.</em></span> <span class='ocrx_word' id='word_1_42' title='bbox 862 1175 903 1243; x_wconf 82' lang='lat' dir='ltr'>(v.</span> <span class='ocrx_word' id='word_1_43' title='bbox 927 1194 958 1254; x_wconf 86' lang='lat' dir='ltr'>p.</span> <span class='ocrx_word' id='word_1_44' title='bbox 983 1170 1050 1252; x_wconf 78' lang='lat'><strong>45).</strong></span> <span class='ocrx_word' id='word_1_45' title='bbox 1301 1171 1306 1179; x_wconf 71' lang='grc'>’</span> 
     </span>
    </p>
   </div>
   <div class='ocr_carea' id='block_1_4' title="bbox 214 1293 1330 1489">
    <p class='ocr_par' dir='ltr' id='par_1_4' title="bbox 214 1293 1330 1489">
     <span class='ocr_line' id='line_1_7' title="bbox 316 1293 854 1379; baseline 0.002 -21"><span class='ocrx_word' id='word_1_46' title='bbox 316 1297 350 1375; x_wconf 83' lang='lat' dir='ltr'>e)</span> <span class='ocrx_word' id='word_1_47' title='bbox 374 1293 411 1358; x_wconf 88' lang='lat' dir='ltr'>In</span> <span class='ocrx_word' id='word_1_48' title='bbox 436 1295 662 1373; x_wconf 84' lang='lat' dir='ltr'>enuntiatione,</span> <span class='ocrx_word' id='word_1_49' title='bbox 687 1316 768 1379; x_wconf 84' lang='lat' dir='ltr'>quae</span> <span class='ocrx_word' id='word_1_50' title='bbox 793 1299 854 1359; x_wconf 91' lang='lat' dir='ltr'>est:</span> 
     </span>
     <span class='ocr_line' id='line_1_8' title="bbox 214 1401 1330 1489; baseline 0.003 -24"><span class='ocrx_word' id='word_1_51' title='bbox 214 1401 298 1465; x_wconf 90' lang='lat' dir='ltr'>Men.</span> <span class='ocrx_word' id='word_1_52' title='bbox 325 1402 398 1466; x_wconf 79' lang='lat'>668.</span> <span class='ocrx_word' id='word_1_53' title='bbox 427 1401 516 1465; x_wconf 86' lang='lat' dir='ltr'>Male</span> <span class='ocrx_word' id='word_1_54' title='bbox 549 1402 628 1465; x_wconf 89' lang='grc'><em>6666</em></span> <span class='ocrx_word' id='word_1_55' title='bbox 662 1424 742 1464; x_wconf 79' lang='lat' dir='ltr'>aanor</span> <span class='ocrx_word' id='word_1_56' title='bbox 775 1423 837 1464; x_wconf 84' lang='grc'><em>3636</em></span> <span class='ocrx_word' id='word_1_57' title='bbox 871 1402 978 1480; x_wconf 76' lang='lat' dir='ltr'>fecisse</span> <span class='ocrx_word' id='word_1_58' title='bbox 1005 1412 1112 1484; x_wconf 76' lang='lat' dir='ltr'>eeaset,</span> <span class='ocrx_word' id='word_1_59' title='bbox 1136 1425 1246 1489; x_wconf 83' lang='lat' dir='ltr'>qaam</span> <span class='ocrx_word' id='word_1_60' title='bbox 1275 1426 1330 1468; x_wconf 84' lang='grc'>66-</span> 
     </span>
    </p>
   </div>
   <div class='ocr_carea' id='block_1_5' title="bbox 528 1510 774 1591">
    <p class='ocr_par' dir='ltr' id='par_1_5' title="bbox 528 1510 774 1591">
     <span class='ocr_line' id='line_1_9' title="bbox 528 1510 774 1591; baseline 0.004 -19"><span class='ocrx_word' id='word_1_61' title='bbox 528 1510 653 1572; x_wconf 86' lang='grc'><em>666366</em></span> <span class='ocrx_word' id='word_1_62' title='bbox 674 1510 774 1591; x_wconf 85' lang='lat' dir='ltr'>feras,</span> 
     </span>
    </p>
   </div>
   <div class='ocr_carea' id='block_1_6' title="bbox 184 1634 1327 2254">
    <p class='ocr_par' dir='ltr' id='par_1_6' title="bbox 184 1634 1327 2254">
     <span class='ocr_line' id='line_1_10' title="bbox 184 1634 1327 1724; baseline 0.003 -28"><span class='ocrx_word' id='word_1_63' title='bbox 184 1719 185 1724; x_wconf 7' lang='grc' dir='ltr'>η</span> <span class='ocrx_word' id='word_1_64' title='bbox 209 1656 271 1698; x_wconf 92' lang='lat' dir='ltr'>non</span> <span class='ocrx_word' id='word_1_65' title='bbox 307 1637 432 1717; x_wconf 84' lang='lat' dir='ltr'>tenipus</span> <span class='ocrx_word' id='word_1_66' title='bbox 460 1634 559 1698; x_wconf 88' lang='lat' dir='ltr'>solum</span> <span class='ocrx_word' id='word_1_67' title='bbox 584 1636 638 1698; x_wconf 87' lang='lat' dir='ltr'>sed</span> <span class='ocrx_word' id='word_1_68' title='bbox 664 1636 759 1698; x_wconf 87' lang='lat' dir='ltr'>etiam</span> <span class='ocrx_word' id='word_1_69' title='bbox 785 1637 921 1699; x_wconf 85' lang='lat' dir='ltr'>modus</span> <span class='ocrx_word' id='word_1_70' title='bbox 946 1637 1161 1699; x_wconf 83' lang='lat' dir='ltr'>absolutus</span> <span class='ocrx_word' id='word_1_71' title='bbox 1186 1659 1254 1700; x_wconf 85' lang='lat' dir='ltr'>esse</span> <span class='ocrx_word' id='word_1_72' title='bbox 1279 1638 1327 1700; x_wconf 92' lang='lat' dir='ltr'>vi-</span> 
     </span>
     <span class='ocr_line' id='line_1_11' title="bbox 210 1742 1326 1826; baseline 0.004 -22"><span class='ocrx_word' id='word_1_73' title='bbox 210 1743 311 1819; x_wconf 79' lang='lat' dir='ltr'>detur,</span> <span class='ocrx_word' id='word_1_74' title='bbox 348 1746 382 1804; x_wconf 89' lang='lat' dir='ltr'>ut</span> <span class='ocrx_word' id='word_1_75' title='bbox 407 1743 437 1805; x_wconf 93' lang='lat' dir='ltr'>in</span> <span class='ocrx_word' id='word_1_76' title='bbox 464 1742 581 1805; x_wconf 81' lang='lat' dir='ltr'>causali</span> <span class='ocrx_word' id='word_1_77' title='bbox 607 1745 770 1806; x_wconf 83' lang='lat' dir='ltr'>enuntiato</span> <span class='ocrx_word' id='word_1_78' title='bbox 801 1744 937 1826; x_wconf 82' lang='lat' dir='ltr'>„gaudet</span> <span class='ocrx_word' id='word_1_79' title='bbox 964 1766 1059 1826; x_wconf 88' lang='lat' dir='ltr'>quom</span> <span class='ocrx_word' id='word_1_80' title='bbox 1084 1766 1133 1806; x_wconf 88' lang='lat' dir='ltr'>me</span> <span class='ocrx_word' id='word_1_81' title='bbox 1158 1744 1326 1819; x_wconf 83' lang='lat' dir='ltr'>exclusit“,</span> 
     </span>
     <span class='ocr_line' id='line_1_12' title="bbox 210 1848 1326 1933; baseline 0.003 -23"><span class='ocrx_word' id='word_1_82' title='bbox 210 1850 248 1911; x_wconf 84' lang='lat' dir='ltr'>de</span> <span class='ocrx_word' id='word_1_83' title='bbox 285 1871 347 1932; x_wconf 83' lang='lat' dir='ltr'>qun</span> <span class='ocrx_word' id='word_1_84' title='bbox 382 1872 415 1912; x_wconf 83' lang='lat' dir='ltr'>re</span> <span class='ocrx_word' id='word_1_85' title='bbox 452 1849 500 1912; x_wconf 83' lang='lat' dir='ltr'>cfr</span> <span class='ocrx_word' id='word_1_86' title='bbox 523 1872 604 1932; x_wconf 82' lang='lat' dir='ltr'>quae</span> <span class='ocrx_word' id='word_1_87' title='bbox 629 1873 660 1932; x_wconf 92' lang='lat' dir='ltr'>p.</span> <span class='ocrx_word' id='word_1_88' title='bbox 687 1851 726 1912; x_wconf 89' lang='grc'>10</span> <span class='ocrx_word' id='word_1_89' title='bbox 752 1851 910 1933; x_wconf 81' lang='lat' dir='ltr'>disputavi</span> <span class='ocrx_word' id='word_1_90' title='bbox 935 1856 966 1913; x_wconf 87' lang='lat' dir='ltr'>et</span> <span class='ocrx_word' id='word_1_91' title='bbox 990 1850 1073 1914; x_wconf 86' lang='lat' dir='ltr'>Men.</span> <span class='ocrx_word' id='word_1_92' title='bbox 1102 1851 1195 1915; x_wconf 86' lang='lat'>1136.</span> <span class='ocrx_word' id='word_1_93' title='bbox 1244 1848 1326 1913; x_wconf 86' lang='lat' dir='ltr'>Itern</span> 
     </span>
     <span class='ocr_line' id='line_1_13' title="bbox 210 1948 1326 2021; baseline 0.002 -3"><span class='ocrx_word' id='word_1_94' title='bbox 210 1948 355 2019; x_wconf 80' lang='lat' dir='ltr'>absoluta</span> <span class='ocrx_word' id='word_1_95' title='bbox 379 1961 427 2020; x_wconf 87' lang='lat' dir='ltr'>est</span> <span class='ocrx_word' id='word_1_96' title='bbox 450 1961 482 2020; x_wconf 87' lang='lat' dir='ltr'>et</span> <span class='ocrx_word' id='word_1_97' title='bbox 506 1957 641 2020; x_wconf 81' lang='lat' dir='ltr'>causalis</span> <span class='ocrx_word' id='word_1_98' title='bbox 666 1961 746 2019; x_wconf 87' lang='lat' dir='ltr'>sent.</span> <span class='ocrx_word' id='word_1_99' title='bbox 765 1958 795 2019; x_wconf 89' lang='lat' dir='ltr'>in</span> <span class='ocrx_word' id='word_1_100' title='bbox 814 1955 858 2020; x_wconf 79' lang='lat' dir='ltr'>St.</span> <span class='ocrx_word' id='word_1_101' title='bbox 874 1958 1027 2020; x_wconf 79' lang='lat'>559-60</span> <span class='ocrx_word' id='word_1_102' title='bbox 1045 1961 1077 2020; x_wconf 86' lang='lat' dir='ltr'>et</span> <span class='ocrx_word' id='word_1_103' title='bbox 1093 1959 1181 2020; x_wconf 86' lang='lat' dir='ltr'>cond.</span> <span class='ocrx_word' id='word_1_104' title='bbox 1199 1962 1279 2021; x_wconf 85' lang='lat' dir='ltr'>sent.</span> <span class='ocrx_word' id='word_1_105' title='bbox 1294 1958 1326 2020; x_wconf 90' lang='lat' dir='ltr'>in</span> 
     </span>
     <span class='ocr_line' id='line_1_14' title="bbox 209 2062 1187 2148; baseline 0 -22"><span class='ocrx_word' id='word_1_106' title='bbox 209 2062 261 2127; x_wconf 85' lang='lat' dir='ltr'>Ps.</span> <span class='ocrx_word' id='word_1_107' title='bbox 289 2064 384 2128; x_wconf 81' lang='lat'>1105.</span> <span class='ocrx_word' id='word_1_108' title='bbox 422 2063 509 2126; x_wconf 80' lang='lat' dir='ltr'>Nara</span> <span class='ocrx_word' id='word_1_109' title='bbox 532 2063 587 2148; x_wconf 77' lang='lat' dir='ltr'>qai</span> <span class='ocrx_word' id='word_1_110' title='bbox 611 2062 720 2127; x_wconf 86' lang='grc'><em>6666663</em></span> <span class='ocrx_word' id='word_1_111' title='bbox 744 2086 774 2126; x_wconf 88' lang='grc'>36</span> <span class='ocrx_word' id='word_1_112' title='bbox 797 2063 869 2126; x_wconf 78' lang='lat' dir='ltr'>dieo</span> <span class='ocrx_word' id='word_1_113' title='bbox 893 2086 955 2128; x_wconf 88' lang='grc'><em>6336</em></span> <span class='ocrx_word' id='word_1_114' title='bbox 977 2063 1187 2144; x_wconf 78' lang='lat' dir='ltr'>arbitrantur,</span> 
     </span>
     <span class='ocr_line' id='line_1_15' title="bbox 423 2169 1180 2254; baseline 0.003 -22"><span class='ocrx_word' id='word_1_115' title='bbox 423 2170 661 2254; x_wconf 75' lang='grc'><em>1666636666</em></span> <span class='ocrx_word' id='word_1_116' title='bbox 685 2169 732 2233; x_wconf 92' lang='grc'>666</span> <span class='ocrx_word' id='word_1_117' title='bbox 754 2169 788 2233; x_wconf 90' lang='grc'>36</span> <span class='ocrx_word' id='word_1_118' title='bbox 810 2170 862 2234; x_wconf 89' lang='grc'>366</span> <span class='ocrx_word' id='word_1_119' title='bbox 884 2193 915 2234; x_wconf 91' lang='grc'>36</span> <span class='ocrx_word' id='word_1_120' title='bbox 939 2170 1180 2251; x_wconf 78' lang='lat' dir='ltr'>abdiderant,</span> 
     </span>
    </p>
   </div>
   <div class='ocr_carea' id='block_1_7' title="bbox 210 2294 1327 2593">
    <p class='ocr_par' dir='ltr' id='par_1_7' title="bbox 210 2294 1327 2593">
     <span class='ocr_line' id='line_1_16' title="bbox 315 2294 1326 2378; baseline 0.001 -20"><span class='ocrx_word' id='word_1_121' title='bbox 315 2296 342 2377; x_wconf 87' lang='lat' dir='ltr'>f)</span> <span class='ocrx_word' id='word_1_122' title='bbox 377 2294 423 2361; x_wconf 88' lang='lat' dir='ltr'>Ut</span> <span class='ocrx_word' id='word_1_123' title='bbox 445 2297 478 2358; x_wconf 92' lang='lat' dir='ltr'>in</span> <span class='ocrx_word' id='word_1_124' title='bbox 503 2297 623 2359; x_wconf 87' lang='lat' dir='ltr'>duobus</span> <span class='ocrx_word' id='word_1_125' title='bbox 647 2295 800 2378; x_wconf 84' lang='lat' dir='ltr'>exemplis</span> <span class='ocrx_word' id='word_1_126' title='bbox 826 2295 972 2359; x_wconf 83' lang='lat' dir='ltr'>Plautum</span> <span class='ocrx_word' id='word_1_127' title='bbox 997 2296 1133 2359; x_wconf 86' lang='lat' dir='ltr'>vidimus</span> <span class='ocrx_word' id='word_1_128' title='bbox 1157 2318 1226 2359; x_wconf 83' lang='lat' dir='ltr'>euru</span> <span class='ocrx_word' id='word_1_129' title='bbox 1253 2318 1326 2360; x_wconf 88' lang='lat' dir='ltr'>con·</span> 
     </span>
     <span class='ocr_line' id='line_1_17' title="bbox 210 2402 1327 2487; baseline 0.001 -21"><span class='ocrx_word' id='word_1_130' title='bbox 210 2403 349 2466; x_wconf 87' lang='lat' dir='ltr'>iunctivo</span> <span class='ocrx_word' id='word_1_131' title='bbox 384 2402 513 2484; x_wconf 90' lang='lat' dir='ltr'>obliquo</span> <span class='ocrx_word' id='word_1_132' title='bbox 550 2404 746 2487; x_wconf 81' lang='lat' dir='ltr'>coniungere</span> <span class='ocrx_word' id='word_1_133' title='bbox 775 2403 1055 2466; x_wconf 85' lang='lat' dir='ltr'>demonstrativum</span> <span class='ocrx_word' id='word_1_134' title='bbox 1081 2427 1167 2486; x_wconf 90' lang='lat' dir='ltr'>pron.</span> <span class='ocrx_word' id='word_1_135' title='bbox 1193 2427 1251 2487; x_wconf 91' lang='lat' dir='ltr'>pro</span> <span class='ocrx_word' id='word_1_136' title='bbox 1275 2427 1327 2468; x_wconf 88' lang='lat' dir='ltr'>re-</span> 
     </span>
     <span class='ocr_line' id='line_1_18' title="bbox 212 2510 1327 2593; baseline 0.002 -21"><span class='ocrx_word' id='word_1_137' title='bbox 212 2510 337 2584; x_wconf 84' lang='lat' dir='ltr'>flexivo,</span> <span class='ocrx_word' id='word_1_138' title='bbox 373 2510 418 2572; x_wconf 84' lang='lat' dir='ltr'>ita</span> <span class='ocrx_word' id='word_1_139' title='bbox 454 2532 516 2572; x_wconf 88' lang='lat' dir='ltr'>una</span> <span class='ocrx_word' id='word_1_140' title='bbox 552 2513 600 2572; x_wconf 83' lang='lat' dir='ltr'>est</span> <span class='ocrx_word' id='word_1_141' title='bbox 634 2510 801 2587; x_wconf 81' lang='lat' dir='ltr'>sententia,</span> <span class='ocrx_word' id='word_1_142' title='bbox 830 2511 862 2571; x_wconf 92' lang='lat' dir='ltr'>in</span> <span class='ocrx_word' id='word_1_143' title='bbox 887 2533 949 2593; x_wconf 85' lang='lat' dir='ltr'>qua</span> <span class='ocrx_word' id='word_1_144' title='bbox 972 2511 1112 2573; x_wconf 85' lang='lat' dir='ltr'>offendat</span> <span class='ocrx_word' id='word_1_145' title='bbox 1135 2511 1327 2574; x_wconf 77' lang='lat' dir='ltr'>indicativus</span> 
     </span>
    </p>
   </div>
   <div class='ocr_carea' id='block_1_8' title="bbox 208 2617 1327 2788">
    <p class='ocr_par' dir='ltr' id='par_1_8' title="bbox 208 2617 1327 2788">
     <span class='ocr_line' id='line_1_19' title="bbox 213 2617 1327 2700; baseline 0.002 -21"><span class='ocrx_word' id='word_1_146' title='bbox 213 2621 343 2700; x_wconf 90' lang='lat' dir='ltr'>propter</span> <span class='ocrx_word' id='word_1_147' title='bbox 383 2617 632 2680; x_wconf 80' lang='lat' dir='ltr'>reflexivum</span> <span class='ocrx_word' id='word_1_148' title='bbox 673 2639 845 2700; x_wconf 81' lang='lat' dir='ltr'>pronomen</span> <span class='ocrx_word' id='word_1_149' title='bbox 884 2639 954 2699; x_wconf 84' lang='lat' dir='ltr'>pro</span> <span class='ocrx_word' id='word_1_150' title='bbox 997 2619 1327 2681; x_wconf 84' lang='lat' dir='ltr'>demonstrativo</span> 
     </span>
     <span class='ocr_line' id='line_1_20' title="bbox 208 2723 401 2788; baseline 0.005 -1"><span class='ocrx_word' id='word_1_151' title='bbox 208 2723 401 2788; x_wconf 85' lang='lat' dir='ltr'>adhibitum:</span> 
     </span>
    </p>
   </div>
   <div class='ocr_carea' id='block_1_9' title="bbox 209 2849 1322 2933">
    <p class='ocr_par' dir='ltr' id='par_1_9' title="bbox 209 2849 1322 2933">
     <span class='ocr_line' id='line_1_21' title="bbox 209 2849 1322 2933; baseline 0.002 -21"><span class='ocrx_word' id='word_1_152' title='bbox 209 2849 308 2914; x_wconf 83' lang='lat' dir='ltr'>Mero.</span> <span class='ocrx_word' id='word_1_153' title='bbox 326 2850 401 2913; x_wconf 84' lang='lat'><strong>238.</strong></span> <span class='ocrx_word' id='word_1_154' title='bbox 425 2849 511 2912; x_wconf 82' lang='lat' dir='ltr'>Dicit</span> <span class='ocrx_word' id='word_1_155' title='bbox 534 2870 672 2932; x_wconf 81' lang='lat' dir='ltr'>copreae,</span> <span class='ocrx_word' id='word_1_156' title='bbox 706 2871 813 2933; x_wconf 82' lang='lat' dir='ltr'>qaam</span> <span class='ocrx_word' id='word_1_157' title='bbox 839 2850 1008 2911; x_wconf 79' lang='lat' dir='ltr'>dederam</span> <span class='ocrx_word' id='word_1_158' title='bbox 1032 2851 1215 2913; x_wconf 82' lang='grc'><em>3666666666</em></span> <span class='ocrx_word' id='word_1_159' title='bbox 1241 2853 1322 2932; x_wconf 76' lang='grc'><em>3666,</em></span> 
     </span>
    </p>
   </div>
   <div class='ocr_carea' id='block_1_10' title="bbox 301 2956 1237 3148">
    <p class='ocr_par' dir='ltr' id='par_1_10' title="bbox 301 2956 1237 3148">
     <span class='ocr_line' id='line_1_22' title="bbox 421 2956 1111 3040; baseline 0.001 -21"><span class='ocrx_word' id='word_1_160' title='bbox 421 2956 525 3030; x_wconf 75' lang='lat' dir='ltr'>Suae!</span> <span class='ocrx_word' id='word_1_161' title='bbox 550 2957 657 3019; x_wconf 84' lang='grc'><em>666663</em></span> <span class='ocrx_word' id='word_1_162' title='bbox 680 2957 779 3019; x_wconf 84' lang='lat' dir='ltr'>detera</span> <span class='ocrx_word' id='word_1_163' title='bbox 803 2957 969 3019; x_wconf 79' lang='lat' dir='ltr'>ambedisse</span> <span class='ocrx_word' id='word_1_164' title='bbox 992 2958 1111 3040; x_wconf 82' lang='lat' dir='ltr'>oppida.</span> 
     </span>
     <span class='ocr_line' id='line_1_23' title="bbox 301 3061 1237 3148; baseline 0.003 -22"><span class='ocrx_word' id='word_1_165' title='bbox 301 3061 444 3147; x_wconf 76' lang='lat' dir='ltr'>[dederat</span> <span class='ocrx_word' id='word_1_166' title='bbox 470 3062 504 3141; x_wconf 83' lang='lat' dir='ltr'>F,</span> <span class='ocrx_word' id='word_1_167' title='bbox 529 3064 664 3126; x_wconf 82' lang='lat' dir='ltr'>dederim</span> <span class='ocrx_word' id='word_1_168' title='bbox 689 3062 825 3126; x_wconf 89' lang='lat' dir='ltr'>Mueller</span> <span class='ocrx_word' id='word_1_169' title='bbox 849 3062 935 3127; x_wconf 79' lang='lat' dir='ltr'>Pras,</span> <span class='ocrx_word' id='word_1_170' title='bbox 961 3063 1063 3127; x_wconf 84' lang='lat' dir='ltr'>Plaut.</span> <span class='ocrx_word' id='word_1_171' title='bbox 1090 3088 1119 3145; x_wconf 92' lang='lat' dir='ltr'>p.</span> <span class='ocrx_word' id='word_1_172' title='bbox 1146 3063 1237 3148; x_wconf 67' lang='lat'><strong>379}</strong></span> 
     </span>
    </p>
   </div>
   <div class='ocr_carea' id='block_1_11' title="bbox 205 3177 1323 3476">
    <p class='ocr_par' dir='ltr' id='par_1_11' title="bbox 205 3177 1323 3476">
     <span class='ocr_line' id='line_1_24' title="bbox 313 3177 1323 3263; baseline 0.003 -21"><span class='ocrx_word' id='word_1_173' title='bbox 313 3177 375 3243; x_wconf 78' lang='lat' dir='ltr'>Sed</span> <span class='ocrx_word' id='word_1_174' title='bbox 412 3183 443 3241; x_wconf 86' lang='lat' dir='ltr'>et</span> <span class='ocrx_word' id='word_1_175' title='bbox 480 3178 574 3242; x_wconf 90' lang='lat' dir='ltr'>Poen.</span> <span class='ocrx_word' id='word_1_176' title='bbox 601 3180 664 3242; x_wconf 80' lang='lat'>956</span> <span class='ocrx_word' id='word_1_177' title='bbox 701 3183 733 3241; x_wconf 90' lang='lat' dir='ltr'>et</span> <span class='ocrx_word' id='word_1_178' title='bbox 765 3180 827 3241; x_wconf 81' lang='lat' dir='ltr'>ulia</span> <span class='ocrx_word' id='word_1_179' title='bbox 852 3180 997 3262; x_wconf 83' lang='lat' dir='ltr'>exempla</span> <span class='ocrx_word' id='word_1_180' title='bbox 1021 3181 1156 3243; x_wconf 82' lang='lat' dir='ltr'>conferri</span> <span class='ocrx_word' id='word_1_181' title='bbox 1181 3186 1323 3263; x_wconf 79' lang='lat' dir='ltr'>possunt,</span> 
     </span>
     <span class='ocr_line' id='line_1_25' title="bbox 205 3286 1322 3370; baseline 0.002 -20"><span class='ocrx_word' id='word_1_182' title='bbox 205 3289 237 3350; x_wconf 91' lang='lat' dir='ltr'>iu</span> <span class='ocrx_word' id='word_1_183' title='bbox 276 3287 390 3369; x_wconf 88' lang='lat' dir='ltr'>quibus</span> <span class='ocrx_word' id='word_1_184' title='bbox 427 3308 496 3349; x_wconf 86' lang='lat' dir='ltr'>eum</span> <span class='ocrx_word' id='word_1_185' title='bbox 533 3286 704 3349; x_wconf 82' lang='lat' dir='ltr'>indicativo</span> <span class='ocrx_word' id='word_1_186' title='bbox 741 3287 906 3369; x_wconf 88' lang='lat' dir='ltr'>copulatur</span> <span class='ocrx_word' id='word_1_187' title='bbox 941 3287 1125 3350; x_wconf 85' lang='lat' dir='ltr'>refiexivum</span> <span class='ocrx_word' id='word_1_188' title='bbox 1152 3310 1322 3370; x_wconf 86' lang='lat' dir='ltr'>pronomen</span> 
     </span>
     <span class='ocr_line' id='line_1_26' title="bbox 205 3394 823 3476; baseline -0.002 -18"><span class='ocrx_word' id='word_1_189' title='bbox 205 3395 334 3458; x_wconf 87' lang='lat' dir='ltr'>natione</span> <span class='ocrx_word' id='word_1_190' title='bbox 358 3394 447 3457; x_wconf 88' lang='lat' dir='ltr'>verbi</span> <span class='ocrx_word' id='word_1_191' title='bbox 476 3394 597 3476; x_wconf 70' lang='lat' dir='ltr'>„ipud‘</span> <span class='ocrx_word' id='word_1_192' title='bbox 626 3395 823 3457; x_wconf 84' lang='lat' dir='ltr'>instructum.</span> 
     </span>
    </p>
   </div>
   <div class='ocr_carea' id='block_1_12' title="bbox 205 3509 1321 3808">
    <p class='ocr_par' dir='ltr' id='par_1_12' title="bbox 205 3509 1321 3808">
     <span class='ocr_line' id='line_1_27' title="bbox 208 3509 1321 3594; baseline 0.001 -20"><span class='ocrx_word' id='word_1_193' title='bbox 208 3509 295 3574; x_wconf 79' lang='lat' dir='ltr'>Tria.</span> <span class='ocrx_word' id='word_1_194' title='bbox 321 3511 396 3574; x_wconf 85' lang='lat'><strong>395.</strong></span> <span class='ocrx_word' id='word_1_195' title='bbox 444 3512 498 3593; x_wconf 81' lang='lat' dir='ltr'>qai</span> <span class='ocrx_word' id='word_1_196' title='bbox 521 3511 567 3571; x_wconf 86' lang='grc'>666</span> <span class='ocrx_word' id='word_1_197' title='bbox 591 3511 680 3572; x_wconf 82' lang='lat' dir='ltr'>aliud</span> <span class='ocrx_word' id='word_1_198' title='bbox 700 3511 764 3572; x_wconf 86' lang='grc'><em>6636</em></span> <span class='ocrx_word' id='word_1_199' title='bbox 779 3511 860 3594; x_wconf 81' lang='lat' dir='ltr'>qaod</span> <span class='ocrx_word' id='word_1_200' title='bbox 883 3511 959 3573; x_wconf 87' lang='grc'><em>3666</em></span> <span class='ocrx_word' id='word_1_201' title='bbox 982 3512 1041 3573; x_wconf 86' lang='grc'><em>3666</em></span> <span class='ocrx_word' id='word_1_202' title='bbox 1053 3512 1153 3594; x_wconf 81' lang='lat' dir='ltr'>placet</span> <span class='ocrx_word' id='word_1_203' title='bbox 1170 3510 1321 3575; x_wconf 78' lang='lat' dir='ltr'>Consedit.</span> 
     </span>
     <span class='ocr_line' id='line_1_28' title="bbox 212 3617 1268 3702; baseline 0 -21"><span class='ocrx_word' id='word_1_204' title='bbox 212 3617 307 3681; x_wconf 90' lang='lat' dir='ltr'>Poen.</span> <span class='ocrx_word' id='word_1_205' title='bbox 334 3617 407 3680; x_wconf 81' lang='lat'>956.</span> <span class='ocrx_word' id='word_1_206' title='bbox 448 3638 514 3679; x_wconf 87' lang='grc'><em>6666</em></span> <span class='ocrx_word' id='word_1_207' title='bbox 539 3617 647 3698; x_wconf 78' lang='lat' dir='ltr'>secisse</span> <span class='ocrx_word' id='word_1_208' title='bbox 671 3620 766 3679; x_wconf 83' lang='lat' dir='ltr'>uiuat·</span> <span class='ocrx_word' id='word_1_209' title='bbox 784 3618 861 3679; x_wconf 88' lang='grc'><em>3666</em></span> <span class='ocrx_word' id='word_1_210' title='bbox 884 3619 965 3702; x_wconf 79' lang='lat' dir='ltr'>qaod</span> <span class='ocrx_word' id='word_1_211' title='bbox 985 3618 1171 3698; x_wconf 82' lang='lat' dir='ltr'>faeiaadara</span> <span class='ocrx_word' id='word_1_212' title='bbox 1196 3618 1268 3699; x_wconf 83' lang='lat' dir='ltr'>fad.</span> 
     </span>
     <span class='ocr_line' id='line_1_29' title="bbox 205 3721 1321 3808; baseline -0.002 -20"><span class='ocrx_word' id='word_1_213' title='bbox 205 3724 303 3788; x_wconf 85' lang='lat' dir='ltr'>Baeh.</span> <span class='ocrx_word' id='word_1_214' title='bbox 318 3725 357 3790; x_wconf 87' lang='lat' dir='ltr'>fr.</span> <span class='ocrx_word' id='word_1_215' title='bbox 374 3721 415 3786; x_wconf 83' lang='lat' dir='ltr'>IL</span> <span class='ocrx_word' id='word_1_216' title='bbox 439 3724 591 3808; x_wconf 74' lang='lat' dir='ltr'>quidquid</span> <span class='ocrx_word' id='word_1_217' title='bbox 613 3731 656 3786; x_wconf 87' lang='grc'>636</span> <span class='ocrx_word' id='word_1_218' title='bbox 679 3744 787 3787; x_wconf 84' lang='grc'><em>666666</em></span> <span class='ocrx_word' id='word_1_219' title='bbox 811 3725 896 3788; x_wconf 88' lang='grc'><em>3666.</em></span> <span class='ocrx_word' id='word_1_220' title='bbox 929 3726 1002 3788; x_wconf 82' lang='grc'><em>650.</em></span> <span class='ocrx_word' id='word_1_221' title='bbox 1028 3726 1109 3808; x_wconf 79' lang='lat' dir='ltr'>qaod</span> <span class='ocrx_word' id='word_1_222' title='bbox 1132 3728 1162 3787; x_wconf 83' lang='grc'>66</span> <span class='ocrx_word' id='word_1_223' title='bbox 1188 3747 1224 3788; x_wconf 87' lang='grc'>36</span> <span class='ocrx_word' id='word_1_224' title='bbox 1245 3725 1321 3806; x_wconf 77' lang='lat' dir='ltr'>fuit.</span> 
     </span>
    </p>
   </div>
   <div class='ocr_carea' id='block_1_13' title="bbox 207 3830 1088 4022">
    <p class='ocr_par' dir='ltr' id='par_1_13' title="bbox 207 3830 1088 4022">
     <span class='ocr_line' id='line_1_30' title="bbox 211 3830 1088 3915; baseline -0.005 -20"><span class='ocrx_word' id='word_1_225' title='bbox 211 3830 301 3895; x_wconf 78' lang='lat' dir='ltr'>Oura.</span> <span class='ocrx_word' id='word_1_226' title='bbox 330 3830 402 3894; x_wconf 88' lang='lat'>180.</span> <span class='ocrx_word' id='word_1_227' title='bbox 445 3831 503 3893; x_wconf 85' lang='grc'><em>3666</em></span> <span class='ocrx_word' id='word_1_228' title='bbox 525 3832 653 3915; x_wconf 81' lang='lat' dir='ltr'>quisque</span> <span class='ocrx_word' id='word_1_229' title='bbox 676 3830 806 3893; x_wconf 79' lang='grc'><em>66666666</em></span> <span class='ocrx_word' id='word_1_230' title='bbox 829 3832 910 3914; x_wconf 80' lang='lat' dir='ltr'>qaod</span> <span class='ocrx_word' id='word_1_231' title='bbox 932 3839 1088 3894; x_wconf 84' lang='lat' dir='ltr'>saomst.</span> 
     </span>
     <span class='ocr_line' id='line_1_31' title="bbox 207 3937 939 4022; baseline 0.001 -21"><span class='ocrx_word' id='word_1_232' title='bbox 207 3937 289 4001; x_wconf 83' lang='lat' dir='ltr'>Rud.</span> <span class='ocrx_word' id='word_1_233' title='bbox 313 3939 366 4002; x_wconf 79' lang='lat'>47.</span> <span class='ocrx_word' id='word_1_234' title='bbox 443 3946 477 4000; x_wconf 91' lang='grc'>66</span> <span class='ocrx_word' id='word_1_235' title='bbox 500 3959 537 4000; x_wconf 90' lang='grc'>36</span> <span class='ocrx_word' id='word_1_236' title='bbox 560 3945 725 4022; x_wconf 83' lang='lat' dir='ltr'>aequomst.</span> <span class='ocrx_word' id='word_1_237' title='bbox 772 3937 840 4000; x_wconf 90' lang='lat' dir='ltr'>Mil.</span> <span class='ocrx_word' id='word_1_238' title='bbox 868 3937 939 4002; x_wconf 83' lang='lat'>187.</span> 
     </span>
    </p>
   </div>
   <div class='ocr_carea' id='block_1_14' title="bbox 208 4153 1320 4345">
    <p class='ocr_par' dir='ltr' id='par_1_14' title="bbox 208 4153 1320 4345">
     <span class='ocr_line' id='line_1_32' title="bbox 317 4153 1320 4237; baseline 0.002 -23"><span class='ocrx_word' id='word_1_239' title='bbox 317 4153 424 4215; x_wconf 83' lang='lat' dir='ltr'>Soluta</span> <span class='ocrx_word' id='word_1_240' title='bbox 459 4153 583 4214; x_wconf 84' lang='lat' dir='ltr'>demum</span> <span class='ocrx_word' id='word_1_241' title='bbox 620 4153 761 4214; x_wconf 86' lang='lat' dir='ltr'>oratione</span> <span class='ocrx_word' id='word_1_242' title='bbox 797 4157 979 4235; x_wconf 79' lang='lat' dir='ltr'>comparata</span> <span class='ocrx_word' id='word_1_243' title='bbox 1004 4153 1169 4216; x_wconf 79' lang='lat' dir='ltr'>diiudicari</span> <span class='ocrx_word' id='word_1_244' title='bbox 1193 4155 1320 4237; x_wconf 78' lang='lat' dir='ltr'>poterit,</span> 
     </span>
     <span class='ocr_line' id='line_1_33' title="bbox 208 4259 859 4345; baseline 0 -23"><span class='ocrx_word' id='word_1_245' title='bbox 208 4260 283 4345; x_wconf 92' lang='lat' dir='ltr'>quid</span> <span class='ocrx_word' id='word_1_246' title='bbox 309 4259 339 4322; x_wconf 91' lang='lat' dir='ltr'>in</span> <span class='ocrx_word' id='word_1_247' title='bbox 364 4259 413 4322; x_wconf 89' lang='lat' dir='ltr'>his</span> <span class='ocrx_word' id='word_1_248' title='bbox 438 4261 531 4324; x_wconf 86' lang='lat' dir='ltr'>rebus</span> <span class='ocrx_word' id='word_1_249' title='bbox 556 4264 690 4322; x_wconf 86' lang='lat' dir='ltr'>metrum</span> <span class='ocrx_word' id='word_1_250' title='bbox 714 4260 859 4323; x_wconf 81' lang='lat' dir='ltr'>valuerit.</span> 
     </span>
    </p>
   </div>
   <div class='ocr_carea' id='block_1_15' title="bbox 0 0 1542 5190">
    <p class='ocr_par' dir='ltr' id='par_1_15' title="bbox 0 0 1542 5190">
     <span class='ocr_line' id='line_1_34' title="bbox 0 0 1542 5190; baseline 0 0"><span class='ocrx_word' id='word_1_251' title='bbox 0 0 1542 5190; x_wconf 95' lang='lat' dir='ltr'> </span> 
     </span>
    </p>
   </div>
  </div>
 </body>
</html>
