3076 5190
731 1523 803 1606 tl·

522 1663 804 1732 (toniunctivus
828 1665 1021 1748 obliquus.

315 1861 631 1927 Coniunctivum
655 1863 882 1946 obliquum,
906 1864 1033 1947 qualem
1057 1865 1089 1927 in
1114 1865 1219 1947 priore
1236 1864 1330 1928 huius

207 1969 431 2052 disputationis
467 1975 558 2054 parte
594 1970 795 2033 definivimus
830 1974 863 2034 et
897 1971 938 2034 ab
973 1993 1010 2034 eo
1045 1971 1248 2035 distinximus
1274 1971 1331 2054 qui

207 2076 333 2160 regenti
368 2077 527 2140 infinitivo
562 2078 742 2156 deberetur,
777 2077 866 2161 prius
901 2077 1096 2160 excipiamus
1132 2100 1226 2161 quam
1255 2100 1330 2142 cou-

207 2182 382 2251 iunctinum
408 2206 448 2247 ex
472 2183 700 2248 assimilatione
725 2206 806 2267 quae
832 2185 949 2248 dicitur
971 2184 1021 2249 vel
1046 2185 1236 2248 attractione
1261 2207 1330 2248 mo-

208 2289 317 2353 dorum
342 2292 520 2373 profsctnm
546 2291 784 2375 aggrediamur.
833 2289 891 2355 Ille
916 2292 1000 2354 enim
1024 2313 1114 2354 suam
1139 2290 1328 2368 habetvim,

208 2401 250 2459 ut
272 2398 559 2461 secundariam
592 2399 846 2462 sententiam
878 2398 1117 2482 eloquente
1152 2397 1330 2461 alienam

207 2525 296 2567 esse
331 2505 501 2588 significet,
539 2508 634 2590 atque
658 2505 690 2567 iu
715 2506 816 2569 omnis
841 2505 969 2589 generis
991 2505 1159 2568 sententiis
1191 2526 1329 2568 neces·

207 2611 318 2674 sario
352 2611 535 2695 requiritur,
571 2613 631 2676 nisi
667 2635 746 2696 quas
781 2613 808 2676 is
843 2612 898 2696 qui
934 2611 1075 2694 loquitur
1101 2612 1170 2695 ipse
1194 2612 1330 2676 circum·

207 2717 320 2781 scribit
343 2722 413 2797 taut
436 2719 539 2800 addit)
565 2756 603 2766 —
630 2719 682 2783 hic
706 2723 814 2783 autem
838 2719 964 2803 regenti
981 2718 1181 2783 coniunctivo
1198 2719 1332 2784 debetur

208 2823 259 2888 vel
283 2826 322 2888 ad
347 2847 418 2889 eum
443 2826 648 2892 assimilatur:
670 2827 725 2910 qui
749 2826 968 2890 coniunctivus
992 2825 1229 2890 assimilationis
1252 2826 1330 2889 item

207 2936 243 2995 ut
266 2931 293 2994 is
316 2933 371 3015 qui
402 2934 528 3016 regenti
553 2933 711 2997 infinitivo
736 2933 870 2998 debetur
893 2954 995 3015 neque
1020 2933 1053 2996 in
1077 2933 1179 2995 omnis
1202 2933 1330 3016 generis

206 3040 375 3102 sententiis
404 3062 462 3104 usu
486 3040 574 3104 venit
597 3062 711 3123 neque,
737 3040 790 3104 ubi
822 3039 1002 3116 adhibetur,
1028 3060 1127 3122 aeque
1152 3038 1331 3102 necessario

208 3145 389 3210 adhibetur.

207 3337 232 3403 Ι.
264 3339 386 3404 'tertiae
403 3357 549 3419 personae
565 3343 688 3407 verbum
706 3343 866 3422 personale
883 3344 931 3407 est
947 3343 979 3407 in
995 3342 1143 3422 primario
1160 3341 1330 3407 enuntiato.

603 3501 643 3569 A.
691 3508 936 3569 Coniunctis-us.

319 3645 346 3710 l.
393 3609 635 3710 Condicionales
659 3648 734 3709 sunt
757 3645 953 3708 sententiae:

208 3769 328 3852 Amph.
343 3769 420 3853 prol.
436 3770 488 3834 64.
512 3771 608 3835 Nunc
630 3772 685 3835 boc
708 3792 755 3834 me
778 3792 868 3833 oraru
892 3791 911 3833 u
936 3769 1017 3832 vota
1040 3770 1132 3831 iussit
1156 3768 1307 3852 Iuppiter,

441 3879 493 3943 67.
512 3877 656 3964 Siquot
677 3877 827 3959 favitores
850 3877 1002 3960 deteputos
1024 3875 1220 3955 uiderint,

517 3985 556 4050 Ut
579 3987 606 4048 ia
630 3987 663 4048 ia
687 4006 778 4048 cauea
796 3986 915 4068 planus
938 3984 1107 4066 capiuntur
1129 3989 1224 4066 toque.

208 4091 300 4158 (turo.
325 4093 401 4157 425.
508 4092 597 4172 Qrtod
620 4094 688 4156 istic
711 4094 902 4175 scriptumst,
926 4090 961 4153 ut
983 4097 1011 4153 te
1034 4111 1127 4154 orare
1150 4091 1286 4153 iussa—rut

513 4199 657 4282 Profecto
673 4206 708 4263 ut
723 4199 852 4280 faceres,
869 4218 959 4262 suurn
983 4193 1018 4260 si
1041 4197 1164 4259 uelles
1181 4198 1330 4280 pretium.

208 4306 307 4375 Mero.
328 4306 409 4396 prol.
434 4307 486 4373 60.
512 4306 602 4392 Quod
635 4307 722 4370 atsi
751 4304 936 4394 puderet,
972 4303 1148 4368 attolieret
1170 4304 1278 4372 uivere.
