3076 5190
681 570 856 636 ..30-

315 743 389 811 Non
413 747 495 812 tanti
519 752 568 812 est
591 748 650 813 hoc
675 771 724 814 ex.

208 877 260 944 Ps.
286 880 360 944 899.
423 903 499 945 narn
522 905 591 946 enen
614 883 734 947 circum
757 886 803 949 ire
828 887 861 948 ln
883 885 966 949 lunc
987 887 1069 950 diem

428 988 467 1053 Ut
489 1010 546 1069 nee,
570 992 606 1053 si
626 998 779 1073 posset,
804 992 933 1055 muliere
955 991 1183 1059 interverteret.

580 1093 658 1180 [iret
680 1096 776 1176 1301),
799 1101 897 1182 possit
920 1097 964 1183 Β]

314 1241 399 1308 Nam
423 1245 501 1311 licet
523 1248 691 1312 admodum
717 1250 830 1313 crebro
854 1248 1045 1314 indicativus
1069 1253 1100 1315 si
1117 1273 1251 1336 pessum
1274 1257 1327 1320 etc.

207 1350 240 1414 in
265 1350 325 1414 hac
349 1352 487 1417 formula
511 1358 692 1438 usurpetur,
717 1360 825 1420 tamen
849 1357 1020 1421 ostendunt
1042 1358 1124 1422 talia
1140 1360 1329 1426 coniunctiri

207 1458 364 1541 exempla,
389 1460 497 1543 qualia
520 1464 595 1526 sunt

207 1592 315 1663 Vidul.
341 1596 393 1660 56.
419 1593 478 1660 Ite
490 1603 678 1681 etqnaerarn
690 1597 823 1682 siquem
834 1595 976 1681 possim
988 1601 1146 1664 socierum
1157 1601 1330 1667 nanciscier

420 1703 482 1766 Sen
505 1724 592 1788 quem
616 1705 746 1767 norim
770 1705 825 1788 qul
847 1741 901 1780 -,

208 1835 261 1914 68,
296 1820 389 1901 Most.
426 1836 568 1912 837-·8‚
604 1834 694 1901 Trin.
719 1837 795 1916 581,
831 1839 928 1902 etiam
955 1843 1047 1903 extra
1070 1839 1241 1925 obliquam
1264 1865 1330 1909 ora·

207 1942 325 2007 tionem
351 1944 590 2009 coniunctivum
613 1943 768 2009 adhiberi.

314 2078 344 2142 2.
370 2077 536 2142 Relativae
560 2079 754 2142 sententiae:

207 2183 324 2267 Amph.
344 2184 396 2248 81.
422 2184 491 2248 Hoc
514 2219 557 2229 -
581 2187 675 2249 etiarn
701 2222 737 2231 —
755 2171 798 2249 'in
822 2186 983 2250 mandatis
1006 2187 1099 2266 dedit,

320 2292 395 2357 ——3.
421 2291 499 2371 in
532 2294 592 2357 slln'
613 2291 901 2376 mandasse[n]t
923 2294 1055 2379 deleqate‘
1077 2301 1112 2358 nt
1131 2297 1329 2379 plauderent,

420 2398 516 2478 Quive
539 2401 621 2464 alter
644 2421 703 2485 quo
724 2399 919 2484 placere[n]t
941 2400 1063 2482 fecisset
1086 2403 1206 2483 minus,

420 2504 501 2570 Elns
524 2514 709 2571 ornamenta
732 2515 759 2570 et
782 2508 900 2570 carlum
924 2509 972 2571 nti
994 2508 1200 2574 conciderent.

206 2629 261 2692 As.
287 2631 363 2696 443.
418 2631 506 2695 Nem
542 2634 679 2713 retineri,
719 2640 755 2695 nt
789 2633 885 2716 qnod
917 2634 969 2696 stt
1007 2633 1067 2697 sibi
1099 2637 1204 2718 aperis
1236 2639 1329 2702 loce·

526 2746 600 2802 tum
627 2738 769 2821 efficeret.

205 2843 321 2908 Bacch.
345 2844 421 2921 550,
447 2845 520 2910 788.
547 2845 665 2919 Orabat
698 2845 800 2930 qnod
832 2848 903 2909 istic
932 2852 1034 2910 esset
1068 2848 1275 2932 scriptum
1297 2856 1329 2914 nt

629 2951 728 3033 fieret.

570 3059 631 3136 (cfr
654 3059 719 3122 ind.
744 3057 835 3124 Gurc.
860 3058 950 3135 425.)

205 3183 281 3249 cist.
307 3186 360 3248 84.
416 3187 511 3268 qesslt
534 3205 649 3248 rnorem
672 3221 714 3230 -
739 3185 816 3248 milri

425 3291 463 3354 Ut
486 3313 542 3373 nee,
566 3314 674 3378 quern
698 3313 749 3377 eya
769 3313 941 3355 amarem
955 3287 1104 3375 qraelter,
1123 3294 1238 3358 sineret
1259 3314 1324 3358 enen

525 3420 557 3463 ee
580 3401 688 3464 atcere.

204 3505 301 3570 Poen.
326 3508 355 3569 4.
420 3504 546 3569 Audire
569 3506 649 3569 intel
672 3527 723 3569 ros
745 3508 916 3590 imperator
939 3541 982 3551 -
1006 3506 1164 3587 tierricus,

419 3612 570 3698 Benaqne
592 3621 627 3676 nt
650 3615 757 3677 animo
780 3614 899 3677 sedeate
921 3614 955 3677 in
978 3612 1143 3693 subselliis,

418 3720 459 3784 Et
482 3723 550 3805 qni
573 3722 742 3784 esurientes
765 3727 792 3783 et
815 3722 883 3805 qui
905 3721 1010 3784 satnri
1031 3722 1227 3786 venerint.

399 3823 533 3910 [sedeate
557 3825 651 3906 Bel),
677 3827 759 3910 quod
784 3831 870 3891 recte
894 3826 1037 3891 defendit
1059 3824 1143 3910 Leo]

204 3960 255 4024 Ps.
281 3961 334 4027 57.
424 3961 463 4024 Ut
486 3963 541 4046 qul
563 3961 622 4024 lna
646 3960 787 4043 adferret
810 3963 876 4025 elus
898 3961 1030 4025 similem
1053 3960 1225 4046 symbolum

419 4067 496 4131 Onrn
520 4089 552 4131 ee
576 4069 672 4131 strnnl
694 4089 742 4132 ene
764 4070 907 4132 mitteret.

455 4173 566 4259 [qune'
589 4174 630 4254 A,
653 4183 688 4238 nt
711 4176 765 4260 qni
789 4174 829 4252 P;
854 4176 974 4239 mittere
998 4173 1070 4263 OD]

203 4279 254 4349 Ps.
280 4282 362 4365 Arg.
387 4278 413 4360 Ι,
437 4282 467 4359 8,
492 4277 535 4357 ΙΙ,
561 4281 581 4344 6
604 4281 692 4350 item.
