3076 5190
674 629 716 639 -
742 592 870 701 1055

208 767 278 834 Mil.
303 768 400 834 1342.
425 765 581 855 neque(o>
605 766 685 854 qaia
706 767 811 851 sturm,

422 875 522 956 Quom
545 876 600 941 aba
623 884 651 940 te
674 876 780 940 αὸιαηι
823 874 918 960 [fleat
941 875 1060 962 BcD];

207 981 297 1048 Trin.
323 982 397 1049 731.
420 981 493 1065 fierr'
513 982 613 1066 sume
636 1004 698 1047 uun
718 990 816 1068 petest

428 1087 472 1156 Ut
496 1127 536 1136 -
558 1088 730 1175 perpetiar,
754 1125 798 1136 -
821 1111 914 1176 quera
938 1126 979 1137 -—
1003 1091 1142 1175 habeam,
1168 1090 1264 1177 [qaia
1287 1094 1332 1181 B]

207 1217 272 1260 non
295 1195 372 1260 lieet
395 1196 582 1261 diiudicare.

315 1375 347 1441 3.
393 1372 712 1460 comparativae
735 1375 924 1440 sententiae.

316 1497 498 1563 Praesentis
521 1500 603 1563 eoni.

209 1604 307 1670 Persa
324 1606 400 1673 237.
424 1606 608 1691 Numquam
646 1607 747 1670 terete
783 1606 865 1670 istuc
898 1609 1114 1689 euterehrubta,
1150 1617 1184 1673 tu
1220 1619 1254 1674 ut
1287 1611 1333 1676 sis

526 1711 617 1797 peior
648 1734 763 1798 quum
795 1735 862 1797 epo
893 1712 1000 1779 aiem.

527 1816 638 1904 [prior
660 1821 735 1885 libri
759 1842 840 1885 eorr.
864 1818 1019 1905 Gamer.].

209 1925 306 1991 Poen.
324 1926 399 1990 276.
422 1925 507 2005 Quid
538 1927 665 2008 hahetis,
689 1926 745 2011 qui
779 1949 866 2011 maye
900 1927 1088 1992 immertalis
1121 1951 1173 1994 uos
1206 1933 1332 1996 credam

529 2055 592 2097 esau
623 2053 740 2119 quum
772 2054 838 2116 epo
869 2032 993 2098 aiem?

207 2139 266 2207 As.
290 2140 365 2204 434.
421 2139 485 2204 aare
507 2138 588 2205 uuiti
609 2138 766 2204 martum
788 2161 851 2204 ease
1037 2212 1041 2229 .

422 2246 531 2332 Neque
562 2268 596 2311 eo
619 2269 681 2311 ease
703 2268 819 2310 servom
842 2245 877 2310 in
901 2246 1029 2312 uadibus
1051 2248 1099 2313 ert
1121 2248 1177 2335 qui
1199 2250 1242 2315 ait
1261 2253 1332 2336 plu·

529 2352 577 2418 ris
608 2374 722 2439 quem
753 2352 828 2417 ille
859 2351 924 2418 ait.

317 2477 365 2544 De
390 2477 505 2563 quibus
530 2501 578 2546 en
603 2479 668 2543 iam
692 2502 722 2563 p.
748 2479 857 2542 42-3
882 2478 1053 2562 disputavi.

317 2904 481 2970 Hactenus
516 2905 714 2989 repperimus
749 2905 861 2969 iisdem
898 2906 1025 2990 legibus
1061 2909 1100 2972 ad
1140 2910 1332 2992 pendentem

207 3012 443 3077 coniunctivum
480 3012 595 3096 quibus
631 3012 670 3076 ad
706 3013 884 3078 absolutum
922 3015 1126 3078 secundariae
1156 3018 1333 3081 sententias

208 3116 343 3183 attrahi:
379 3119 521 3182 infinitas
545 3119 628 3182 enim
653 3120 839 3199 sententiaa,
867 3141 949 3204 quae
973 3123 1117 3205 tempore
1141 3128 1332 3208 congruunt,

208 3226 249 3289 ad
273 3247 381 3289 omnes
405 3225 623 3290 coniunctivae
655 3225 774 3290 attrahi
798 3248 899 3309 pesse,
925 3227 1072 3291 definitas
1096 3232 1203 3294 autem
1227 3235 1261 3294 et
1283 3231 1332 3295 in·

209 3332 316 3396 finitas
340 3332 437 3396 alieni
460 3333 613 3415 temporis
636 3355 700 3397 non
724 3334 785 3397 nisi
810 3335 850 3397 ad
873 3334 921 3397 rei
937 3339 1083 3417 sumptae
1100 3336 1331 3402 coniunctivos.

316 3436 538 3503 Subiunutioni
574 3440 693 3523 aliquid
730 3440 777 3503 ita
811 3440 940 3525 quidem
975 3441 1180 3506 tribuendum
1214 3447 1273 3519 est,
1298 3448 1333 3508 ut

209 3546 304 3630 paulo
327 3546 523 3610 constantius
548 3547 587 3610 ad
603 3549 795 3630 pendentum
812 3570 909 3631 quarn
926 3549 966 3612 ad
983 3547 1164 3612 absolutum
1181 3549 1332 3614 corrinne-

208 3653 309 3719 tirum
344 3653 431 3716 modi
466 3653 685 3719 attrahantur:
720 3654 804 3737 quod
840 3655 872 3718 in
909 3654 1081 3719 indicativo
1104 3658 1331 3738 pertractando

208 3760 326 3824 elarius
359 3759 549 3825 videbimus.
589 3795 626 3805 -
663 3757 723 3825 Sed
760 3762 926 3844 quaeritur
960 3761 1035 3837 iam,
1064 3783 1139 3825 num
1163 3765 1255 3826 extra
1278 3785 1332 3827 eas

208 3866 308 3949 leges,
331 3887 414 3950 quae
438 3866 523 3950 apud
547 3867 727 3932 absolutum
751 3869 831 3932 coni.
856 3868 974 3948 valent,
1002 3867 1221 3933 coniunctivae
1247 3870 1332 3952 apud

210 3972 404 4057 pendentem
419 3974 598 4057 proveniat,
623 3974 643 4037 i.
669 3997 696 4039 e.
722 3996 796 4038 num
821 3974 875 4058 qui
900 3974 1093 4039 coniunctivi
1117 3976 1331 4042 subiunctioni

209 4079 271 4166 ipsi
296 4080 476 4145 ascribendi
500 4081 574 4147 sint.

316 4185 423 4252 Unum
459 4210 493 4252 re
529 4210 605 4253 vera
639 4192 688 4251 est
723 4188 849 4252 dicendi
883 4210 995 4273 genus,
1032 4189 1065 4254 in
1091 4210 1154 4272 quo
1177 4189 1332 4254 eiusmodi

209 4293 429 4363 coniunctium
453 4294 642 4386 reperiatur.
690 4292 775 4361 Nam
798 4297 872 4385 post
895 4295 1129 4364 coniunctivum
1151 4295 1332 4381 interroga·
