3076 5190
734 1213 807 1297 §2-

242 1365 415 1437 Verbum
437 1371 698 1454 impersonale
723 1374 848 1438 estin
871 1373 1057 1455 primario
1081 1372 1296 1439 enuntiato.

604 1551 645 1617 A.
692 1550 938 1617 Coniunctivus.

316 1691 547 1778 Impersonales
571 1693 822 1778 significationes
845 1694 1020 1759 orationem
1040 1694 1201 1778 obliquam
1218 1716 1326 1760 secum

209 1801 336 1878 habent,
366 1801 556 1884 ubicumque
582 1823 652 1864 eam
677 1801 855 1884 requireret
878 1801 1053 1884 personalis
1088 1802 1220 1885 species,
1244 1824 1326 1885 quae

210 1908 248 1972 ad
290 1908 481 1972 sententiam
525 1907 706 1992 respondet,
747 1909 930 1984 substituta,
965 1911 1001 1973 ut
1035 1907 1126 1992 capt.
1162 1908 1327 1986 378-81,

209 2015 327 2099 Amph.
342 2015 483 2079 225-6.
508 2016 646 2078 convenit
668 2027 724 2095 (sc.
749 2017 830 2078 inter
853 2016 916 2090 eos)
931 2043 971 2068 =
984 2014 1167 2099 pepiperunt
1179 2013 1213 2097 ¹).

316 2120 506 2205 Ceteroquin
530 2122 822 2186 coniunctivae
858 2126 920 2185 est
954 2122 1056 2206 apud
1084 2123 1327 2188 infinitivos

209 2231 256 2293 ab
279 2227 548 2312 impersonali
572 2230 697 2293 verbo
720 2228 946 2312 pendentes

315 2350 340 2418 l.
387 2350 428 2416 In
462 2352 752 2418 universalibus
787 2353 998 2417 sententiis
1034 2353 1084 2418 vel
1118 2355 1234 2437 quibus
1266 2375 1327 2417 res

209 2463 382 2543 sumptae
407 2463 617 2543 exponuntur.

317 2587 345 2648 1.
393 2583 597 2648 Relativae
632 2585 847 2648 sententiae
882 2585 984 2648 intra
1008 2584 1194 2667 periodos,
1231 2606 1326 2669 quae

208 2695 311 2756 totae
346 2691 530 2756 infinitae
569 2694 656 2756 sunt
697 2694 729 2754 et
767 2692 799 2755 in
835 2692 930 2756 rebus
965 2691 1113 2776 cogitatis
1148 2695 1324 2768 versantur,

208 2798 410 2863 coniunctivo
433 2797 585 2862 facillime
608 2798 783 2862 induuntur
806 2799 838 2862 in
862 2798 1031 2863 subiuncta
1053 2798 1210 2864 oratione:

209 2922 279 2989 Cas.
305 2923 379 2988 570.
405 2922 490 2986 Nam
512 2923 724 3009 meconidem
746 2925 860 3000 animo,
885 2924 950 3008 qui
973 2923 1135 2987 advocatos
1162 2923 1323 3002 advocet,

405 3029 554 3115 Ropitare
576 3037 692 3114 oportet
712 3031 805 3114 prius
828 3036 856 3092 ei
881 3025 1146 3114 (per)contarier,

405 3136 538 3200 Adritne
565 3138 592 3200 ei
615 3137 741 3200 animus
764 3157 857 3200 necne
881 3133 949 3222 (ei)
975 3137 1060 3201 adsit
1081 3158 1169 3223 quem
1194 3138 1325 3203 advocet.

314 3260 403 3337 Quae
438 3283 533 3326 causa
559 3258 747 3346 Ussingium
772 3261 986 3334 commoverit,
1011 3261 1102 3325 utin
1126 3284 1155 3326 v.
1180 3261 1245 3326 570
1269 3284 1326 3345 pm

208 3370 329 3432 adesset
363 3369 519 3433 scriberet
553 3368 690 3449 advocat,
726 3390 787 3432 non
823 3367 980 3452 intelligo,
1009 3389 1079 3432 cum
1104 3390 1144 3432 ne
1168 3368 1322 3433 incertam

207 3476 336 3559 quidem
378 3497 446 3538 esse
478 3474 618 3539 litteram
643 3496 658 3538 e
681 3475 828 3559 designet
862 3472 1059 3539 Studemund
1095 3475 1140 3552 (in
1175 3474 1324 3560 Apogra·

207 3581 284 3666 pho)
309 3605 336 3646 a.
362 3582 393 3647 h.
418 3581 438 3646 l.

208 3706 281 3771 Aul.
295 3707 369 3771 593.
392 3706 429 3772 Si
455 3728 541 3771 erum
565 3708 646 3771 videt
668 3729 818 3792 superare
840 3729 986 3790 amorem,
1011 3709 1066 3772 hoc
1088 3709 1169 3771 servi
1192 3728 1255 3772 esse
1277 3708 1324 3790 of-

495 3813 603 3896 ficium
627 3836 707 3894 reor,

389 3920 533 3985 Retinere
556 3922 599 3984 ad
620 3923 762 4000 salutem,
793 3944 854 3986 non
878 3923 962 3986 enim
985 3943 1056 4008 quo
1079 3921 1270 3986 incumbat
1294 3942 1326 3985 eo

496 4029 663 4113 impellere.

496 4132 574 4218 [eon
598 4137 679 4200 enim
703 4135 740 4216 Β,
765 4158 827 4200 non
850 4157 920 4200 eum
943 4133 1040 4221 IFZ].

316 4292 334 4361 ¹)
353 4295 408 4347 Sed
427 4295 457 4346 in
477 4295 643 4362 parenthesi
663 4301 708 4349 est
726 4296 900 4350 indicativus
920 4296 1001 4363 Capt.
1020 4295 1081 4349 353.

1201 4401 1218 4453 2
