3076 5190
677 580 869 648 -138-

215 758 283 826 Μ61.
318 762 391 826 554.
429 761 547 839 Quidni
570 760 692 841 fateare
715 781 767 843 epe
790 761 892 846 quod
914 762 1117 826 viderim?

215 866 352 952 [fateare
386 890 457 951 erpo
492 868 532 945 A,
566 867 672 948 fatcor
707 875 734 929 et
768 889 820 951 epo
843 876 871 932 et
895 866 920 931 P
944 868 1065 949 (fietear
1089 889 1144 951 eqo
1170 863 1239 949 3²),
1263 889 1330 931 corr.

438 970 521 1049 DQ
548 972 657 1037 6666666
681 971 797 1058 3¹00]
845 975 894 1038 cfr
917 975 981 1039 556
1005 997 1116 1059 supra.

320 1086 392 1165 post
414 1082 495 1165 quod
521 1081 647 1145 causale
677 1083 683 1103 '

214 1190 269 1254 As.
295 1189 347 1254 45.
426 1209 484 1251 cuir
507 1189 635 1250 eniniter
658 1186 723 1265 tibi,

278 1296 347 1359 -8.
431 1293 601 1378 Propterea
625 1294 727 1379 qecod
748 1315 797 1358 me
819 1315 881 1357 noa
904 1298 1045 1358 scientem
1069 1294 1208 1376 feceri
1216 1293 1289 1376 861)

320 1403 426 1467 Etiam
452 1424 491 1465 ex
515 1400 564 1464 his
589 1401 753 1484 exemplis,
783 1402 815 1464 in
839 1402 954 1484 quibus
978 1423 1069 1466 suurn
1096 1406 1147 1465 est
1173 1402 1331 1486 utriusque

212 1510 388 1573 sententiae
424 1508 611 1581 subiectum,
647 1529 750 1591 pauca
777 1513 860 1581 sunt,
885 1509 939 1571 ubi
964 1529 1026 1571 666
1051 1508 1091 1571 68
1117 1509 1268 1573 subiecto
1290 1531 1333 1571 re-

212 1617 318 1699 gentis
342 1615 518 1687 sententiae
553 1615 585 1677 in
614 1614 803 1677 secundaria
831 1635 955 1697 quoque
984 1618 1104 1699 agatur
1132 1615 1220 1691 (Mil.
1248 1616 1332 1691 1276,
1367 1670 1372 1681 .

213 1725 366 1804 554),-
392 1744 474 1805 quae
498 1722 674 1785 sententiae
700 1721 800 1785 artius
824 1721 947 1785 86616886
969 1721 1156 1797 cohaerent,
1172 1744 1270 1807 quam
1287 1722 1332 1786 ubi

213 1830 333 1893 nullum
358 1829 512 1892 eiusmodi
536 1850 701 1892 commune
725 1828 960 1891 vinculumt
912 1831 969 1898 886.

319 1935 446 2000 Dixeris
483 1958 532 1997 me
557 1933 609 1998 hic
635 1957 746 2017 parurn
772 1934 968 2019 distinguere
992 1935 1077 1999 inter
1102 1957 1137 1999 se
1162 1936 1333 2001 coniuncti·
1370 1986 1373 1991 .

211 2067 285 2110 vum
310 2043 523 2107 concessivum
549 2041 793 2122 (causaleni)et
816 2041 1049 2106 coniunctivum
1073 2043 1246 2107 modorum
1264 2043 1333 2107 assi·

212 2151 392 2215 ruilationis.
440 2147 566 2224 Quodt
552 2149 612 2212 6666
636 2170 712 2212 8668
736 2148 885 2226 6668866,
908 2170 980 2212 cum
1006 2172 1044 2212 68
1064 2150 1194 2232 possint
1210 2151 1332 2234 quidem

211 2258 244 2322 hi
268 2256 460 2322 coniunctivi
486 2256 580 2319 certis
605 2256 721 2319 finibus
745 2256 828 2318 inter
852 2276 885 2318 88
909 2255 1046 2340 seiungi.
1088 2254 1238 2321 Primum
1256 2258 1332 2321 enim

210 2368 251 2430 66
275 2365 385 2428 eodem
410 2362 611 2427 coniunctivo
636 2362 657 2427 6.
682 2384 708 2425 e.
734 2384 753 2424 6
776 2361 856 2425 6666.
882 2362 1145 2445 interrogationis
1162 2364 1332 2447 indignan-

210 2473 251 2535 tis
276 2477 445 2553 utrumque
470 2470 625 2533 deducere
642 2464 763 2550 licet”)‚
781 2468 870 2532 cuius
887 2469 1082 2532 coniunctivi
1099 2469 1225 2535 auxilio
1244 2471 1333 2534 etiam

212 2601 260 2641 res
297 2600 372 2642 6866
407 2580 462 2640 666
485 2577 547 2640 iam
573 2576 659 2639 66666
683 2598 720 2640 86
744 2575 829 2639 66668
853 2598 928 2639 8666
952 2597 1051 2659 eoque
1075 2598 1173 2641 sensu
1199 2577 1334 2661 proferri

210 2689 324 2769 potest,
360 2685 451 2767 quasi
487 2684 525 2746 de
551 2705 584 2746 re
608 2686 735 2766 sirurpta
759 2687 874 2766 agatur
897 2682 949 2745 681
973 2682 1117 2760 66666616,
1142 2704 1244 2766 quam
1268 2684 1333 2767 quir

211 2791 378 2875 prohibere
415 2791 500 2855 velit.
529 2826 568 2835 —
593 2787 630 2853 Id
666 2790 748 2853 enim
781 2789 974 2853 coniunctivi
998 2790 1267 2875 interrogationis
1289 2792 1334 2854 iu·

210 2899 373 2984 dignantis
397 2899 561 2981 proprium
586 2900 642 2972 est,
662 2902 696 2959 ut
720 2900 850 2980 respuat
873 2901 1020 2981 negetve.
1046 2932 1087 2942 —
1112 2895 1245 2961 Deinde
1266 2919 1333 2961 cum

209 3007 249 3070 ad
274 3005 502 3089 paratacticam
528 3004 720 3068 iunctionem
742 3003 974 3067 adversativam
992 3003 1077 3068 huno
1093 3004 1333 3070 coniunctivum

210 3113 429 3186 assimilatum,
467 3114 500 3174 ut
535 3132 631 3194 supra
665 3110 798 3185 ostendi,
835 3110 932 3174 166866
955 3110 1086 3186 6868668,
1111 3115 1265 3195 apertum
1290 3116 1335 3175 est

210 3218 473 3226 —————--—·

318 3249 336 3317 ¹)
362 3251 545 3318 Ingeniosius
567 3267 652 3316 quam
672 3250 769 3303 verius
790 3250 871 3303 Blass
890 3251 944 3303 Rh.
964 3251 1038 3303 Μ68.
1060 3248 1130 3303 1882
1151 3269 1178 3319 p.
1200 3253 1253 3306 161
1274 3269 1334 3306 666-

209 3341 369 3393 iunctivum
388 3341 419 3392 in
438 3355 524 3392 versu
824 3398 828 3405 Ι

318 3431 365 3482 As.
385 3429 428 3481 62.
448 3426 583 3496 Equidem
601 3426 656 3481 acio
675 3426 732 3481 inm
745 3427 826 3495 setius
844 3426 916 3496 qaod
933 3430 1006 3480 acret
1022 3444 1098 3482 meus

209 3520 249 3572 ita
268 3519 401 3585 explicat,
421 3523 453 3570 ut
471 3517 627 3582 coniungat

386 3606 429 3659 49.
449 3605 509 3659 Aat
526 3621 584 3658 cur
598 3608 734 3672 postremo
748 3605 810 3673 filio
828 3621 1046 3667 suscenseam,

448 3693 546 3747 Patres
564 3697 598 3747 at
608 3692 723 3762 sectam
742 3693 832 3759 ceteri,
853 3723 885 3731 -
910 3750 913 3755 ,

386 3784 429 3837 62.
448 3782 549 3850 [11866]
569 3811 601 3820 -
619 3784 729 3847 <Dem.)
742 3782 823 3851 filius
845 3781 936 3852 qaod
960 3786 1054 3836 umet
1074 3790 1173 3837 mercat

208 3877 317 3930 Libano
346 3874 477 3925 tribuens
496 3873 584 3925 68666
612 3888 685 3938 quae
704 3873 900 3938 intercedunt;
929 3888 985 3939 quo
1004 3873 1038 3926 fit
1055 3876 1089 3926 ut
1107 3873 1213 3926 similis
1234 3876 1334 3931 efficia.

207 3972 254 4020 tur
282 3963 417 4031 periodus
445 3965 531 4027 atque
558 3961 588 4012 in
611 3978 657 4014 vv.
677 3961 791 4014 46-48.
830 3962 885 4014 Sed
905 3977 998 4028 neque
1018 3961 1177 4028 probabilis
1196 3968 1245 4017 est
1263 3965 1333 4017 6686

208 4053 349 4107 sermonis
378 4051 550 4117 interruptio
578 4053 608 4102 86
635 4051 759 4103 61186666
786 4052 940 4117 repetitum
969 4051 1088 4103 verbum
1110 4049 1176 4119 filio
1197 4081 1230 4090 —
1246 4052 1332 4122 filius.

208 4141 417 4197 coniunctivae
445 4157 471 4192 v.
491 4139 526 4191 62
552 4144 597 4191 886
616 4139 850 4205 interrogationis
870 4140 1037 4203 indirectae,
1057 4140 1105 4192 ubi
1125 4139 1200 4206 668661
1218 4147 1266 4194 886
1284 4158 1333 4209 pro
1354 4146 1358 4155 ’

207 4231 283 4300 qaid·
302 4232 345 4282 cfr
364 4245 451 4295 supra
473 4246 497 4295 p.
519 4228 568 4280 137
588 4228 624 4280 ad
644 4227 708 4280 Cas.
728 4229 788 4281 618.

314 4316 334 4381 ²)
353 4319 394 4369 De
413 4319 467 4369 hac
487 4333 517 4369 68
536 4317 607 4369 alias
627 4317 720 4369 fusius
740 4318 901 4383 disputabo.
921 4361 928 4374 .
