3076 5190
667 584 850 650 -117-

206 763 321 830 Bacch.
342 765 437 830 1001.
462 763 534 828 Noc
557 763 655 842 dotia,
679 764 709 826 at
730 763 848 846 sapies:
870 781 976 824 cmm
999 761 1028 824 ci
1049 761 1108 825 dos
1130 782 1286 846 maxume,

464 870 515 934 Ne
530 871 584 935 ille
602 871 703 933 otium
719 869 863 954 peselum
880 876 1021 953 quaerat,
1045 870 1079 933 ai
1100 871 1235 952 sapiet,
1250 870 1327 934 aci:

207 999 236 1059 si
258 999 373 1080 capiet:
399 1017 509 1076 ‚wenn
526 1017 561 1059 er
576 992 722 1059 vvirklich
743 993 823 1078 lrlug
839 993 906 1057 sein
922 992 1020 1057 vvill‘.
1057 992 1190 1058 Frustra
1206 993 1326 1058 Brach-

208 1125 304 1167 mann
334 1103 558 1167 concinnitatis
593 1122 689 1165 causa
716 1104 772 1164 aut
793 1107 924 1185 quaerat
946 1101 975 1163 si
996 1101 1101 1183 sopiat
1125 1103 1180 1165 aut
1202 1108 1328 1185 quaeret

205 1212 234 1273 at
256 1212 355 1294 sapiet
377 1209 522 1293 requirit.

313 1495 343 1558 3.
390 1492 654 1577 'temporales
677 1493 864 1557 sententiae.

315 1635 365 1700 Ad
389 1637 531 1700 futurum
555 1639 682 1719 tempus
704 1635 937 1719 quodammodo
961 1635 1057 1698 etiam
1081 1598 1246 1699 indicativi
1278 1657 1327 1699 ex.

208 1744 314 1807 omnia
337 1743 523 1826 respiciunt.
571 1740 633 1807 Sed
658 1746 713 1806 aut
736 1742 914 1825 praesentis
937 1741 1092 1824 temporis
1122 1741 1209 1807 notio
1232 1738 1327 1826 prac-

207 1851 292 1915 valet
318 1854 375 1914 aut
398 1853 486 1914 certa
509 1872 559 1913 res
583 1848 692 1914 futura
715 1850 875 1914 indicatur
898 1852 953 1913 aut
975 1850 1108 1913 verbum
1125 1849 1248 1913 modale
1265 1853 1324 1913 est.

313 1989 340 2058 Ι.
368 1990 551 2057 Praesentis
576 1997 631 2056 aut
654 1991 791 2076 perfecti
814 1991 910 2057 indic.
935 1994 993 2067 est,
1014 1991 1219 2074 praevalente
1235 2012 1329 2075 prac-

210 2100 308 2164 sentis
333 2104 388 2163 aut
411 2099 577 2182 praeteriti
602 2099 755 2182 temporis
779 2099 917 2162 notione.
994 2176 998 2182 Ι

210 2223 280 2289 Mil.
303 2225 399 2289 1333.
423 2245 462 2287 ne
484 2225 696 2305 intervenere,
721 2223 853 2302 Quaeso,
877 2223 962 2286 dum
984 2218 1258 2307 res<i>pi<c>cit

315 2363 397 2430 Item
421 2367 454 2430 in
477 2364 538 2431 hac
562 2366 694 2450 periodo
717 2365 907 2431 universali:

209 2490 303 2555 ‘l‘ruc
325 2490 399 2556 163.
423 2491 525 2555 Dum
558 2492 668 2572 aicit,
692 2490 845 2554 hominem
868 2491 1008 2553 noceria:
1029 2488 1095 2553 uti
1125 2496 1331 2586 mortuoaty

528 2603 674 2681 quiescat.
699 2593 855 2680 [quiescas
877 2594 963 2672 libri,
987 2615 1067 2661 corr.
1092 2591 1206 2679 Both.]

318 2721 386 2786 Hoc
422 2743 469 2785 cx.
495 2721 522 2785 si
555 2742 776 2804 comparamus
799 2741 871 2783 cum
895 2717 984 2784 Trin.
1008 2718 1083 2784 496.
1115 2718 1171 2782 Ubi
1193 2726 1333 2782 monacos

173 2897 182 2904 ,
209 2832 263 2910 aia,
300 2830 346 2892 ite
380 2831 425 2892 aia
458 2835 494 2891 ot
522 2848 632 2891 nomen
656 2829 745 2907 cluet,
771 2827 804 2890 id
827 2827 971 2906 interest,
994 2827 1079 2910 quod
1115 2826 1154 2890 ad
1189 2827 1332 2890 futurum

211 2940 337 3019 tempus
371 2934 591 3000 coniunctivus
618 2934 714 3016 plane
749 2955 816 2997 rem
851 2932 964 2998 refert:
1000 2933 1053 2996 ubi
1074 2940 1214 2996 mortuos
1235 2934 1332 2996 ais=

212 3042 265 3105 uti
296 3047 434 3104 mortuos
457 3042 529 3119 cria,
552 3040 730 3123 praesentis
754 3043 862 3103 autem
896 3043 930 3103 et
963 3039 1170 3123 perfectivis
1193 3039 1227 3102 in
1250 3037 1334 3102 indi·

213 3149 318 3212 cativo
352 3151 479 3212 servato
501 3146 667 3210 haeret:
680 3148 736 3232 qui
757 3149 832 3210 eicit
855 3149 888 3210 et
910 3147 964 3230 qui
986 3153 1124 3210 mortuos
1147 3153 1201 3210 eat.

317 3289 402 3354 Mira
425 3293 474 3354 est
497 3290 661 3362 modorum
686 3288 822 3355 variatio
844 3289 878 3354 in

213 3414 401 3479 Merc550.
427 3414 619 3479 Adulescens
653 3434 766 3499 quom
799 3416 892 3489 seia,
928 3420 995 3476 tum
1028 3418 1183 3497 puomct
1205 3413 1336 3496 scepeia

530 3523 659 3606 inteper,

425 3629 484 3691 Rei
507 3635 579 3691 tuoe
601 3628 802 3712 quaerundae
825 3627 964 3689 convenit
987 3645 1112 3709 operam
1136 3625 1220 3688 dore.

425 3734 560 3798 Demum
597 3735 704 3819 ἱρέων,
740 3754 850 3819 quom
885 3733 965 3796 aeis
997 3734 1187 3810 tenerescere,
1212 3730 1336 3793 tumis

532 3842 630 3904 otium

430 3947 471 4011 Te
493 3948 639 4028 coctores,
662 3947 748 4010 dum
766 3952 873 4031 potes
897 3965 998 4008 ames:
1021 3944 1056 4007 id
1085 3944 1151 4006 tom
1174 3943 1336 4019 lucrumst,

427 4054 517 4133 Quod
539 4055 627 4117 cion.

215 4177 297 4264 [552
332 4181 391 4244 aeis
425 4181 492 4243 iam
514 4177 555 4255 A,
580 4180 609 4241 si
630 4177 689 4241 arn
716 4176 783 4257 OD,
806 4177 851 4239 sis
874 4177 910 4253 B;
934 4175 1000 4240 553
1021 4180 1121 4259 potest
1143 4193 1198 4236 oce
1220 4169 1338 4236 sidiam

501 4284 550 4371 (p.
574 4285 743 4349 ceraidiam
768 4281 809 4367 B)
832 4282 922 4347 lucro
943 4290 972 4346 st
994 4279 1049 4366 Ρ.]
