3076 5190
736 1640 810 1727 §2-

212 1799 495 1868 Ooniunctlvus
518 1801 814 1869 assimilationis
839 1819 940 1885 quae
964 1801 1107 1869 dicitur
1125 1801 1332 1870 modorum

595 1908 661 1975 vsl
684 1908 946 1976 attractionis.

319 2140 411 2207 Prius
446 2142 673 2221 coniunctivos,
709 2142 764 2227 qui
800 2143 884 2226 apud
920 2141 1082 2208 absolutos
1114 2143 1333 2210 coniunctivae

211 2253 295 2325 sunt,
319 2250 433 2313 deinde
468 2270 531 2328 eos,
560 2249 615 2333 qui
638 2253 713 2313 sunt
736 2250 819 2334 apud
844 2251 1029 2333 pendentes,
1052 2250 1271 2328 tractabimus,
1297 2256 1333 2318 ut

211 2359 376 2439 appareat,
400 2358 555 2440 quantum
579 2356 781 2422 coniunctivo
804 2357 940 2442 regenti,
967 2357 986 2421 i.
1012 2380 1039 2421 e.
1066 2359 1230 2423 modorum
1255 2359 1332 2424 assi-

212 2461 378 2541 milationi,
404 2467 437 2527 et
459 2466 613 2546 quantum
638 2463 852 2528 subiunctioni
877 2464 1081 2529 tribuendum
1105 2465 1157 2529 sit.

318 2568 379 2633 Sed
404 2570 442 2633 de
467 2569 593 2633 nomine
618 2570 855 2635 assimilationis
879 2592 981 2655 pauca
997 2574 1071 2634 sunt
1086 2573 1331 2655 praemittenda.

210 2675 298 2752 Quae
333 2698 394 2741 uon
431 2680 564 2740 externa
586 2677 759 2742 formarum
785 2677 973 2742 assimilatio
998 2682 1054 2753 est,
1080 2679 1184 2763 qualis
1208 2684 1258 2744 est
1281 2702 1332 2745 ex.

211 2805 259 2869 gr.
284 2783 411 2847 relativi
433 2782 629 2867 pronominis
653 2784 874 2867 correlatique.
921 2781 957 2848 Id
983 2785 1066 2849 enim
1087 2785 1143 2869 qui
1159 2786 1332 2870 accipiunt.

211 2889 296 2954 huuc
330 2889 567 2955 coniunctivum
595 2911 722 2955 necesse
747 2894 796 2954 est
821 2892 913 2974 plane
937 2891 1108 2976 seiungunt
1131 2894 1172 2958 ab
1196 2915 1233 2957 eo
1257 2915 1333 2958 cou-

211 2996 352 3061 iunctivo
375 2996 460 3081 apud
483 2997 667 3076 infinitivus,
685 3019 780 3082 quem
804 2998 837 3062 iu
861 2998 966 3082 priore
990 2997 1085 3063 huius
1109 2998 1333 3083 disputationis

211 3108 302 3188 parte
326 3104 542 3188 cognovimus¹
572 3104 626 3169 ubi
650 3103 732 3169 nihil
756 3108 834 3184 erat,
859 3106 899 3169 ad
923 3105 1006 3190 quod
1031 3105 1201 3170 assimilari
1225 3111 1352 3191 posset,

210 3211 430 3276 coniunctivae
452 3211 658 3276 secumdariae
683 3211 871 3276 sententiae,
917 3212 977 3277 Sed
994 3211 1079 3276 hunc
1096 3217 1129 3276 et
1144 3213 1234 3277 illum
1256 3235 1333 3279 con-

210 3316 386 3382 iunctirum
420 3317 565 3401 quamvis
599 3318 703 3382 obiter
737 3322 959 3402 comparantes
992 3340 1053 3382 nou
1079 3341 1245 3403 possumus
1269 3342 1333 3386 non

210 3424 405 3509 perspicere,
430 3428 626 3508 quantopere
650 3427 765 3489 natura
789 3424 873 3489 inter
900 3447 934 3490 se
958 3427 1158 3491 conveniant.
1186 3462 1225 3473 —
1249 3424 1332 3504 Quin

210 3535 243 3596 et
266 3531 319 3595 hic
344 3535 376 3595 et
398 3530 466 3595 illic
490 3531 677 3596 assimilatio
701 3536 759 3612 est,
784 3532 840 3597 sed
864 3554 902 3597 ea
925 3554 1007 3617 quae
1030 3532 1064 3597 in
1084 3533 1154 3617 ipsa
1170 3534 1333 3618 cogitandi

210 3638 334 3703 ratione
358 3638 464 3724 posita
488 3642 547 3704 est.
594 3637 800 3703 Assimilatur
822 3640 907 3704 enim
926 3639 976 3704 vel
993 3642 1251 3707 accommodatur
1266 3664 1333 3706 mo·

210 3745 269 3810 dus
303 3745 511 3811 secundariae
535 3746 713 3810 sententiae
746 3747 785 3811 ad
810 3769 880 3811 eam
905 3746 950 3811 rei
976 3747 1136 3832 cogitatae
1160 3747 1331 3826 notionem,

210 3874 292 3937 quae
327 3857 360 3917 et
391 3852 425 3917 in
450 3852 606 3918 infinitivo
630 3857 663 3918 et
686 3853 718 3917 in
743 3853 942 3920 coniunctivo
966 3853 1059 3919 inest.
1107 3853 1333 3920 Coniunctivns

210 3959 311 4044 igitur
345 3959 377 4024 in
414 3959 591 4024 infinita
626 3960 793 4043 (cogitata)
829 3961 989 4024 sententia
1030 3962 1218 4027 secundaria
1256 3961 1332 4026 oriri

210 4069 325 4151 potest,
349 4067 576 4151 cuiuscumque
600 4067 727 4152 generis
751 4071 800 4131 est
824 4067 1044 4134 coniunctivae
1068 4089 1193 4154 regens,
1218 4068 1250 4134 in
1273 4069 1333 4133 de·

186 4173 326 4238 ¹finita
362 4177 468 4238 autem
504 4174 539 4255 (i.
565 4197 591 4239 e.
616 4196 698 4259 quae
723 4178 825 4239 certos
849 4173 995 4239 homiues
1020 4179 1052 4239 et
1075 4179 1180 4239 certas
1203 4197 1254 4240 res
1277 4176 1333 4240 de·

209 4281 330 4365 signat)
365 4281 587 4346 tautummodo
621 4281 647 4344 si
683 4283 722 4346 ad
756 4281 803 4345 rei
837 4285 984 4366 sumptae
1020 4282 1255 4351 coniunctivum
1287 4283 1333 4347 ita
