3076 5190
670 578 866 650 -197-

207 765 306 829 verba
340 764 396 828 illa
419 763 450 828 εἰ
472 769 565 828 crunt
586 784 662 828 vcra
685 786 756 828 cum
781 765 973 829 confidentia
1000 765 1124 850 profert
1151 765 1327 845 Palaestra,

207 872 306 935 verba
330 875 435 935 autem
461 871 600 935 eiusdem
625 871 754 935 fabulae

325 996 419 1061 1128.
445 993 710 1060 desolatorum
733 994 782 1059 acl
804 995 876 1077 stt,
900 1000 937 1060 ut
958 994 1042 1060 mili
1062 996 1187 1070 reddas,
1218 1035 1256 1042 -

208 1144 279 1186 cum
321 1122 543 1205 desperatione
583 1126 615 1184 et
654 1122 851 1186 dubitatione
890 1122 969 1186 facit
999 1121 1130 1207 Gripum
1162 1124 1212 1187 vel
1244 1145 1327 1187 com·

208 1250 357 1314 paremus
381 1227 460 1291 hacc
485 1229 545 1292 duo
569 1251 624 1293 cx:

208 1350 295 1416 Trin.
323 1352 418 1416 1041.
444 1351 544 1415 Lubet
567 1349 659 1415 adire
681 1355 776 1433 atquc
799 1351 963 1432 appellare
991 1351 1091 1417 tunc:
1125 1374 1234 1417 verum
1258 1375 1328 1418 auc·

551 1458 634 1522 culto
651 1458 822 1538 perlatam

445 1564 553 1648 [SJEt
582 1570 692 1644 metuo,
725 1565 762 1630 sc'
789 1565 1117 1646 compellabam
1139 1565 1240 1631 oliam
1262 1588 1330 1632 rem

553 1671 690 1754 occipiat
712 1672 805 1754 loqui.

325 1780 555 1856 limaeam,
580 1779 617 1843 ci
642 1779 702 1844 tibi

445 1886 643 1968 Dencyom
670 1888 754 1969 qnod
783 1908 831 1951 me
865 1908 947 1965 oras,
971 1910 1012 1952 ac
1034 1894 1063 1953 tc
1085 1887 1228 1953 leniorem
1253 1909 1330 1969 crya

551 2015 599 2057 mc
615 1998 718 2075 poten

445 2102 521 2166 Noa
542 2103 721 2183 oraoabor:
735 2101 866 2184 jaccam
888 2101 937 2167 ito
959 2107 997 2166 ut
1019 2102 1075 2167 vic.

318 2227 368 2291 Ad
404 2228 542 2310 speciem
579 2249 706 2310 prorsus
736 2227 854 2291 similia
876 2231 959 2292 sunt.
1006 2226 1069 2292 Sed
1093 2229 1125 2291 in
1150 2228 1205 2291 illo
1229 2227 1330 2292 Char-

210 2335 287 2399 midi
311 2336 374 2398 iam
399 2338 520 2398 certum
546 2339 594 2398 est
618 2334 809 2418 compellare
833 2357 1025 2419 quamquam
1050 2338 1203 2413 moratur,
1221 2336 1254 2399 in
1271 2335 1330 2400 hoc

211 2441 447 2505 coniunctivnm
482 2440 513 2504 si
547 2441 691 2520 denoqcm
727 2440 765 2503 ad
797 2441 944 2504 irrealcm
973 2442 1130 2505 notionem
1157 2442 1330 2524 appropin-

209 2570 309 2632 quare
334 2549 553 2612 demonstrant
576 2550 674 2612 vorba
697 2570 776 2630 quae
800 2552 991 2630 sequuntur:
1015 2568 1079 2611 non
1094 2549 1254 2628 orcvabor
1269 2552 1328 2612 etc.

320 2655 380 2718 Vel
415 2660 450 2718 ut
484 2656 516 2719 in
552 2655 720 2739 temporali
756 2655 973 2719 enuntiatione
1008 2655 1150 2718 futurum
1183 2658 1329 2719 exactum

211 2761 279 2825 fero
314 2766 468 2837 servatur,
505 2763 537 2825 in
573 2761 780 2826 condicionali
812 2762 1030 2825 coniunctivus
1066 2761 1213 2844 provenit
1237 2761 1331 2825 itom-

211 2890 273 2952 que
296 2869 395 2933 semel
418 2870 451 2932 in
474 2869 643 2953 temporali
669 2869 766 2943 (Men.
786 2870 870 2932 1⁰45
884 2890 914 2952 p.
936 2868 1020 2950 160),
1035 2868 1090 2932 ubi
1111 2868 1330 2934 coniunctivua

211 2998 268 3039 suo
303 2976 371 3041 loco
406 2980 463 3054 cst,
489 2999 549 3040 non
583 2978 682 3040 solum
714 2976 790 3058 quia
813 2976 938 3060 regenti
962 2975 1139 3039 sentcntiae
1163 2975 1332 3040 interiecta

212 3087 271 3158 est,
295 3084 349 3147 sed
375 3084 469 3147 etiam
495 3084 570 3167 quia
594 3084 632 3147 dc
655 3104 688 3146 re
705 3086 832 3166 sumpta
848 3083 956 3166 agitur
971 3081 1111 3163 (qnando
1124 3108 1166 3133 =
1178 3080 1330 3164 ciforte).
