3076 5190
684 539 850 603 -56..

207 720 239 787 ir
273 716 369 785 simul
404 716 607 802 cogitandum
633 719 690 792 est,
715 716 948 782 coniunctivum
972 717 1067 802 vulgo
1090 740 1160 782 esse
1187 718 1220 783 in
1246 718 1336 784 rele-

207 825 282 893 tivis
316 823 494 900 sententiis,
530 844 613 908 quae
647 824 688 889 ed
720 824 853 889 verbum
876 822 1002 909 ecquis?
1034 846 1068 888 se
1090 825 1273 909 applicant,
1301 830 1337 890 ut

208 933 240 999 in
265 929 385 1017 Amph.
407 929 482 996 856.

208 1045 245 1117 In
259 1045 355 1119 Peon.
368 1047 443 1112 265.
467 1067 510 1110 oo
534 1052 563 1110 tc
584 1043 632 1110 ibi
653 1044 701 1110 cis
722 1044 809 1110 inter
829 1044 909 1110 istos
931 1044 1099 1127 corsorrcr,

469 1152 634 1233 Procedae,
654 1151 812 1237 pistorum
836 1152 965 1231 amicos,
989 1188 1032 1199 -

370 1261 444 1326 -8.
472 1258 559 1340 Quae
581 1256 639 1324 tibi
660 1261 773 1324 olant
795 1260 951 1324 stabulum
971 1256 1221 1346 et<r>otumpue,
1244 1299 1288 1307 —

473 1366 560 1447 Quos
580 1367 656 1431 odeo
674 1367 761 1431 haud
775 1366 940 1453 quiequam
953 1387 1100 1452 umquam
1113 1365 1192 1432 tiber
1204 1368 1334 1453 tetipr't?

206 1492 427 1559 coniunctivus
461 1492 575 1555 olant
612 1491 718 1556 nescio
754 1515 793 1556 an
829 1491 1055 1577 hypotheticus
1090 1493 1131 1556 sit
1154 1514 1329 1577 suppressa

207 1598 345 1687 protasi:
383 1597 433 1684 <si
463 1597 548 1663 inter
581 1597 660 1662 istas
694 1596 859 1682 vomeris),
895 1621 976 1683 quae
1008 1600 1167 1664 sententia
1190 1599 1273 1664 latet
1296 1601 1329 1664 in

207 1707 305 1775 verbo
340 1704 408 1771 tibi.
443 1705 499 1788 (=
516 1705 735 1772 coniunctivus
769 1707 810 1771 ad
845 1706 1055 1771 universalem
1092 1705 1122 1770 ΙΙ
1156 1729 1326 1790 personam

205 1810 378 1901 spectans).

313 1926 596 2012 Temporalem
611 1928 802 1993 sententiam
818 1927 911 1993 Most.
926 1928 1057 1993 ers-6
1070 1949 1167 2012 supra
1182 1927 1323 1995 laudavi.

312 2124 351 2191 B.
396 2127 599 2189 Indicstivus
633 2124 792 2208 reperitur
827 2124 860 2188 in
895 2124 940 2188 eis
975 2123 1152 2198 sententiis,
1176 2144 1257 2207 quas
1287 2147 1325 2189 ex

204 2255 263 2299 sue
297 2236 402 2297 mente
437 2230 565 2314 suisque
600 2231 706 2296 verbis
740 2231 1021 2296 circumscribitis
1051 2230 1106 2313 qui
1130 2231 1322 2315 interroget,

206 2362 268 2406 non
291 2339 392 2405 solum
416 2338 443 2402 si
467 2359 546 2422 ques
570 2337 750 2421 explicandi
774 2359 870 2403 cause
892 2338 964 2402 laxe
990 2336 1131 2402 adnectit
1147 2340 1182 2401 ut
1204 2337 1326 2422 Amph.

206 2446 348 2523 760-1‚
372 2444 424 2510 vel
447 2444 509 2528 ipsi
532 2445 776 2530 interrogationi
799 2444 932 2530 opponit
954 2448 990 2509 ut

207 2580 327 2666 Amph.
343 2580 418 2645 561.
443 2579 540 2643 audes
562 2576 643 2643 miti
661 2576 850 2663 praedicare
871 2576 916 2660 id,

442 2684 539 2750 Domi
554 2693 582 2750 te
597 2706 659 2750 esse
674 2706 767 2761 nureo,
780 2685 836 2772 qui
851 2685 900 2750 tic
915 2685 1011 2749 odes?
1025 2683 1168 2765 373-4,
1180 2684 1326 2762 730-1,

205 2796 261 2862 sed
284 2795 382 2859 etiem
405 2794 433 2858 si
456 2792 636 2877 necessarie
659 2797 732 2858 sunt
755 2794 898 2858 membra
921 2791 1192 2876 interrogationis,

312 2926 351 2994 ln
375 2927 661 3012 comparativa
685 2931 776 2992 sent:

206 3044 289 3111 Rud.
304 3044 401 3110 1099.
425 3042 464 3108 Ut
487 3040 586 3125 tutet,
609 3041 684 3107 item
706 3043 807 3106 omnis
829 3061 931 3129 censes
953 3041 1041 3106 csse?

312 3174 351 3241 In
374 3176 571 3242 relativis
594 3181 687 3258 sent„
711 3176 850 3259 quaein
874 3175 969 3240 certis
993 3175 1086 3239 rebus
1110 3178 1298 3241 versentur:

206 3293 289 3360 sud.
304 3293 400 3358 1035.
426 3291 489 3357 Vin
512 3291 569 3378 quc'
589 3290 626 3356 io
648 3291 707 3356 tac
729 3290 805 3356 oilla
820 3290 950 3368 habitat,
967 3289 1035 3354 ciue
1050 3288 1211 3354 arbitratu
1229 3289 1331 3372 fieri?

305 3399 401 3465 1074.
423 3397 517 3481 Quid,
542 3406 576 3463 tu
609 3397 693 3463 idem
715 3397 797 3462 miti
818 3396 866 3462 oc's
890 3395 971 3480 fieri,
995 3397 1078 3482 quod
1099 3416 1173 3461 erus
1195 3417 1327 3462 consue·

526 3503 571 3570 cit
593 3503 678 3570 tici?

207 3613 304 3679 Persa
321 3613 395 3679 681.
424 3612 514 3694 Quod
536 3620 564 3678 te
586 3611 745 3697 dipocmst
768 3633 814 3676 mc
836 3610 967 3696 dipnom
989 3630 1051 3675 esse
1073 3609 1144 3676 oie?

205 3720 299 3785 Truc.
320 3720 396 3786 546.
420 3719 574 3786 Nemeto
596 3740 672 3784 curn
696 3717 781 3784 necis
804 3741 858 3797 me,
883 3718 1024 3803 voluptas
1046 3739 1126 3800 mea,

420 3827 487 3908 Quo
508 3834 633 3891 vocotus
655 3846 724 3899 eum
747 3825 797 3890 ire
819 3826 863 3890 ad
884 3824 1019 3890 cenam?

357 3932 458 4019 [nunc
481 3941 515 3999 tu
537 3932 760 3999 conecterem
784 3933 821 4014 Β,
846 3954 921 3996 mone
944 3930 1029 3996 necis
1052 3951 1100 3996 mc
1123 3929 1165 4016 0]

206 4045 250 4107 St.
276 4041 351 4106 294.
420 4041 473 4105 An
520 4063 591 4107 vero
637 4061 738 4126 copas
785 4059 918 4119 censeor,
966 4038 1014 4103 oc‘l
1052 4058 1115 4102 esse
1153 4039 1234 4123 qood
1272 4059 1329 4121 epo

526 4167 610 4212 nunc
635 4145 719 4211 scm?

312 4253 350 4320 In
365 4257 446 4319 tem
452 4254 586 4341 poreli
605 4253 774 4332 sententie,
792 4275 888 4339 quam
906 4275 1003 4339 supra
1019 4252 1113 4320 attuli
1129 4251 1215 4320 Men.
1231 4251 1330 4323 1051.
