3076 5190
667 582 866 654 -128-

206 773 272 834 tum
309 770 448 853 respicit,
488 805 526 814 —
562 769 718 853 siquidem
750 767 935 831 assimilatio
959 765 1038 830 haec
1062 764 1262 848 appellanda
1284 767 1323 825 est

207 881 238 939 et
262 897 323 939 non
348 876 488 940 eiusdem
513 874 704 938 coniunctivi
730 874 887 957 repetitio.

207 983 291 1047 Men.
317 983 392 1047 228.
422 981 532 1045 Maior·
556 982 727 1064 (voluptas)
752 1017 790 1026 -·

261 1086 396 1171 [Quom]
421 1087 458 1153 Si
481 1086 648 1151 adveniens
671 1094 787 1151 terram
813 1085 954 1163 cidens,
991 1106 1082 1170 quoe
1103 1082 1233 1162 fuerit
1257 1091 1321 1146 tuo.

284 1213 402 1294 'Quae
435 1211 568 1294 fnerr't
602 1210 779 1275 tna=nti
813 1219 907 1274 nntns
941 1209 1006 1273 sis.
1065 1207 1119 1272 Ad
1153 1231 1250 1292 quem
1282 1203 1320 1269 lll

208 1342 359 1404 personae
392 1319 627 1384 coniunctivum
651 1318 795 1382 conferas
819 1339 938 1401 quaeso
962 1315 1056 1380 Poen.
1083 1316 1150 1379 268
1175 1338 1207 1398 p.
1233 1317 1275 1402 56
1297 1317 1324 1376 et

208 1427 304 1492 Merc.
319 1427 393 1491 838.
418 1425 505 1489 Nom
529 1425 582 1488 nbi
605 1446 704 1488 rnores
728 1422 893 1488 deteriores
916 1423 1147 1487 increbrescunt
1170 1420 1206 1484 e'n
1232 1420 1303 1497 dies,

425 1532 482 1596 nn
522 1531 578 1616 qni
616 1530 720 1608 amin,
762 1530 818 1616 qni
859 1530 1001 1612 infideles
1042 1527 1162 1611 siselnt
1196 1548 1324 1613 nequeas

520 1660 712 1723 pernoscere,
811 1621 822 1651 ‘

425 1743 614 1831 Ubiqn<e>
640 1745 676 1808 e'd
698 1744 911 1829 eripiatur
935 1742 1040 1806 anineo
1064 1751 1131 1805 tno
1156 1742 1241 1826 qnod
1257 1741 1323 1824 plo·

524 1861 589 1916 cent
613 1872 765 1930 maxume,

419 1958 470 2022 [oe
492 1959 614 2043 qne'dem
638 1959 667 2021 se'
690 1979 823 2043 repnnm
847 1959 946 2034 detur,
971 1978 1032 2019 non
1053 1954 1193 2039 cnpe'tcsi
1208 1953 1324 2017 ce'oe'tcs⁴

380 2064 451 2149 [nbi
473 2064 528 2151 qni
551 2065 731 2149 deriptctnr
753 2064 838 2140 libri,
864 2086 944 2127 corr.
969 2059 1157 2146 Scioppius]

312 2187 395 2254 Nam
431 2189 649 2253 coniunctivus
684 2211 713 2252 v.
750 2189 814 2252 840
842 2186 1001 2271 eripiatur
1024 2189 1095 2269 post
1118 2186 1325 2248 indicativum

205 2319 234 2361 v.
249 2296 312 2360 838
336 2295 564 2359 increbrescunt
588 2317 649 2359 non
675 2317 714 2358 ex
738 2316 775 2359 eo
798 2295 896 2358 solum
916 2293 1071 2377 provenit,
1089 2292 1176 2376 quod
1200 2293 1326 2376 propior

206 2409 254 2466 est
289 2402 537 2466 condicionalem
572 2402 761 2466 sententiam
785 2402 814 2464 sr'
839 2435 880 2445 -
904 2402 1005 2475 detur,
1033 2398 1166 2462 sedvel
1192 2399 1326 2462 maxime

207 2510 290 2592 quod
325 2506 358 2580 ΙΙ
393 2531 547 2591 personae
582 2509 817 2572 coniunctivum
857 2509 896 2571 ad
932 2506 1118 2571 universale
1147 2506 1325 2571 subiectum

206 2621 402 2698 spectantem
427 2616 588 2700 (nequens)
613 2616 732 2702 excipit
755 2619 787 2678 et
806 2616 873 2698 ipse
894 2614 931 2677 ad
950 2613 1140 2678 sententiam
1160 2615 1326 2696 exaequat.

206 2719 269 2784 sed
293 2722 395 2804 possis
418 2723 514 2785 etiam
539 2722 683 2786 conferre

207 2827 303 2892 Mero.
322 2828 396 2892 359.
428 2827 486 2891 Ubi
520 2830 704 2912 uoluptatem
739 2828 903 2913 neprc'tndo
926 2827 1039 2907 vincat,
1075 2825 1154 2911 qnid
1182 2825 1228 2889 in·
1251 2825 1327 2888 inest

525 2933 671 2999 amoeni?

312 3056 377 3123 Ubi
402 3061 508 3121 autem
531 3080 593 3122 non
618 3060 657 3123 ad
681 3060 764 3123 idem
788 3059 968 3123 universale
992 3059 1171 3122 subiectum
1197 3056 1327 3139 respicit

206 3165 393 3228 secundaria
417 3166 584 3240 sententia,
609 3165 800 3230 indicativus
824 3169 924 3228 restat
948 3168 983 3228 ut
1007 3163 1083 3229 cist.
1102 3164 1224 3228 25-6.
1272 3161 1326 3226 Uln'

207 3268 284 3331 istas
306 3268 411 3332 cidens
430 3306 469 3313 —
493 3271 531 3333 Ut
554 3270 727 3334 amicitiam
752 3272 865 3334 colunt.
901 3269 938 3334 In
962 3270 1078 3335 Bacch.
1096 3272 1162 3334 440
1182 3273 1226 3334 Ac
1247 3290 1327 3333 nnnc

205 3372 392 3457 [ninsqnam
407 3374 584 3456 septuennis
600 3375 694 3448 estse
710 3375 848 3461 ottinpas
863 3397 932 3439 enm
947 3398 1056 3457 mann,
1072 3377 1236 3460 Extemplo
1252 3397 1326 3457 puer·

204 3480 380 3563 pcednpopo
403 3480 509 3543 tnbnlu
530 3481 703 3565 dr'rrnnrpr't
726 3489 819 3566 capnt
836 3482 910 3545 licet
926 3483 1105 3566 proximum
1122 3483 1175 3560 sit,
1199 3486 1235 3546 ut
1258 3505 1324 3547 cum

209 3584 359 3666 primaria
378 3587 536 3649 sententia
554 3588 761 3670 temporalem
776 3590 1015 3672 coniungnmm,
1032 3595 1118 3652 certe
1136 3589 1327 3654 indicativus

207 3712 263 3754 suo
280 3691 349 3754 loco
365 3699 422 3766 est,
440 3693 564 3756 etiamsi
582 3715 652 3757 eam
669 3694 878 3759 condicionali
895 3695 1073 3759 sententiae
1092 3696 1325 3781 subiungimus.

615 3940 652 4004 B.
698 3947 910 4008 Indicetivus.

314 4058 339 4123 Ι.
376 4059 569 4127 Indicativus
593 4065 625 4128 in
648 4066 687 4129 iis
711 4068 887 4146 sententiis,
905 4090 987 4151 quae
1010 4065 1044 4131 id
1068 4069 1168 4152 quod
1194 4073 1327 4134 estant

208 4164 347 4228 factum
366 4171 422 4230 est
438 4168 630 4248 describunt,
645 4172 767 4235 scilicet
783 4173 877 4256 longe
893 4176 1020 4258 saepius
1036 4196 1132 4258 quam
1150 4176 1327 4240 coniuncti-

208 4290 265 4332 vus
278 4292 335 4333 usu
348 4274 445 4351 venit,
458 4296 520 4358 quo
533 4277 673 4358 apertius
686 4278 925 4360 distinguantur
937 4282 978 4344 ab
991 4281 1040 4359 iis,
1052 4303 1135 4365 quae
1148 4288 1325 4348 sumuntur.
