3076 5190
691 568 864 637 ..31-

215 739 298 810 Rud.
324 747 398 810 873.
431 746 500 809 'l'iti
523 749 642 831 optipit,
666 747 749 831 quod
770 748 912 831 plurumi
935 758 1079 833 exoptant
1103 751 1171 827 siti,

432 891 470 898 -
496 862 530 918 ut
553 855 588 917 iet
610 855 713 940 quod
735 864 937 939 qreererout
960 858 1119 922 inueniunt
1142 859 1210 936 siti,

214 960 248 1023 in
273 982 336 1044 quo
359 983 406 1025 ex.
430 968 465 1024 ut
487 961 607 1044 pendet
629 983 649 1024 e
672 962 770 1025 verbo
793 969 948 1047 exoptant.

215 1085 289 1149 Aul.
316 1087 368 1151 29.
427 1086 460 1150 13
482 1086 539 1149 scit
563 1085 742 1150 adulescens
768 1107 848 1172 quoe
870 1088 911 1152 eit
933 1109 1040 1174 quum
1064 1093 1336 1175 compresserit.

214 1209 271 1274 cfr
305 1211 513 1274 indicativum
537 1211 828 1276 circumscribentis
852 1213 884 1276 13
910 1211 986 1278 cist.
1015 1215 1077 1279 179
1101 1239 1133 1299 p.
1161 1216 1201 1280 14
1225 1219 1258 1280 31
1280 1214 1337 1279 el

212 1339 369 1400 personae
404 1319 501 1383 verbo
536 1319 728 1401 pendentem
747 1319 796 1415 'in
832 1319 906 1384 Aul.
932 1321 984 1385 33.
1032 1320 1081 1385 De
1109 1322 1190 1386 coni.
1215 1320 1336 1405 Amph.

215 1425 301 1487 1015
325 1424 418 1488 infre.
467 1423 593 1489 Incerta
618 1429 667 1489 est
688 1425 778 1490 verbi
803 1428 925 1510 species
950 1427 983 1491 in

214 1547 269 1613 As.
297 1549 370 1614 121.
427 1551 539 1612 moriri
561 1570 624 1613 3333
647 1551 776 1614 morolet

427 1655 528 1735 Quom
551 1677 614 1720 uon
635 1655 807 1740 perfectum
830 1656 951 1736 reddat,
975 1659 1058 1742 quod
1078 1661 1266 1742 promiserit.

320 1782 350 1845 3.
397 1780 603 1865 Temporales
626 1782 822 1855 sententiae:

211 1902 290 1968 cist.
318 1904 390 1968 101.
428 1903 524 1968 Nunc
546 1926 613 1968 meo
636 1912 737 1969 motor
760 1907 883 1968 iratast»
897 1906 984 1985 miti,

427 2010 510 2090 Quia
543 2032 604 2075 uon
640 2011 786 2075 redierim
821 2012 947 2076 domum
981 2014 1025 2077 oet
1057 2034 1098 2093 33,
1124 2022 1334 2100 postquam

532 2118 612 2182 tuuc
635 2139 700 2181 rem
723 2115 972 2183 resciverim.

212 2223 268 2287 As.
296 2225 369 2289 184.
409 2232 437 2289 31
459 2245 577 2309 quoque
599 2225 702 2288 cotuto
725 2245 790 2289 meo

425 2331 653 2396 Sutttouditur
675 2352 768 2395 uooos
791 2339 924 2414 amotor,
948 2354 979 2396 33
1002 2341 1037 2397 ut
1057 2348 1171 2419 'quom
1201 2335 1334 2399 uideat

528 2439 674 2522 poudeut.

210 2543 279 2607 Mil.
305 2545 379 2609 578.
426 2543 505 2624 (seio
528 2566 623 2631 quum
646 2566 712 2611 rem
733 2547 856 2631 perots)
886 2547 934 2626 Ut,
959 2545 1048 2612 enites
1071 2569 1162 2634 quom
1181 2585 1219 2594 -
1245 2549 1335 2614 aeve-

529 2651 600 2717 uiot
624 2689 665 2699 —
689 2654 939 2738 comprehendor.

212 2755 327 2821 Bacch.
346 2759 398 2822 43.
424 2767 468 2841 ut,
503 2760 571 2823 uti
601 2762 809 2825 emeritum
832 2762 891 2824 siti
913 2765 974 2838 sit,
998 2781 1030 2825 33
1051 2761 1174 2825 renotat
1198 2762 1332 2827 domum.

210 2863 271 2947 Ep.
297 2867 371 2930 316.
426 2863 514 2950 (ut),
538 2866 624 2930 dum
648 2887 713 2931 rem
736 2868 845 2931 diuam
867 2868 1208 2951 faceret-cautaret
1231 2869 1300 2934 siti.

317 2992 346 3053 4.
395 2990 621 3076 (temperative
645 2996 726 3056 sent.

209 3093 297 3158 'Prin
324 3099 398 3161 305.
425 3099 488 3179 Qui
510 3098 598 3162 tomo
621 3119 692 3163 cum
715 3101 821 3164 ouimo
846 3135 887 3146 -
911 3101 1068 3186 depupuot
1090 3121 1157 3176 suo,

428 3205 540 3270 Utrum
563 3207 649 3270 itoue
664 3227 727 3270 3333
742 3208 867 3271 mooetit
890 3214 931 3270 ut
955 3209 1188 3272 eumouimus
1206 3229 1332 3294 aequom

528 3321 702 3389 ceuseot,

424 3423 476 3483 Au
512 3421 558 3483 itu
589 3422 695 3504 potius
725 3427 766 3484 ut
785 3423 929 3505 percutio
951 3441 1019 3485 cum
1044 3442 1171 3485 3333-
1195 3423 1331 3486 oetiut.

313 3525 366 3590 Ao
390 3546 460 3591 eum
483 3522 541 3610 pro
564 3527 718 3591 reflexiro
740 3548 772 3591 33
794 3550 823 3591 v.
848 3551 879 3611 p.
906 3528 1025 3592 9-10.

314 3735 388 3804 Non
412 3761 513 3822 peuce
536 3741 665 3823 quidem
686 3740 750 3804 iem
768 3763 807 3805 ex
823 3741 873 3805 his
890 3741 1046 3823 exemplis
1062 3745 1146 3822 3331,
1168 3741 1200 3807 13
1217 3741 1332 3825 quibus

208 3845 428 3910 coniunctirus
451 3868 508 3910 suo
531 3847 599 3912 loco
620 3851 714 3927 esset,
731 3847 933 3912 etiamsinon
950 3848 1178 3932 obliqueratio
1196 3849 1330 3927 adesset,

206 3973 288 4034 3333
312 3957 420 4016 tamen
443 3953 549 4031 efficit,
574 3958 671 4018 uteo
695 3955 798 4038 magis
822 3954 877 4018 ille
902 3954 1011 4018 modus
1034 3955 1226 4038 requiretur.
1266 3958 1268 3965 ⁴

315 4057 351 4121 13
386 4059 458 4122 aliis
493 4059 708 4124 iunctionibus
735 4061 938 4144 (praesertim
964 4061 990 4123 31
1015 4062 1168 4146 negative
1192 4066 1241 4126 est
1264 4063 1330 4146 pri·

208 4165 310 4229 rrraria
344 4165 517 4249 sententie)
552 4167 716 4231 obscurior
751 4171 809 4247 331,
845 4168 872 4230 31
904 4167 979 4244 3113,
1004 4169 1133 4252 obliqua
1156 4169 1214 4243 vie,
1239 4170 1329 4232 utin

206 4272 255 4334 his
280 4271 413 4335 infinitis
438 4274 604 4338 sententiis
627 4274 712 4338 intre
736 4274 954 4338 consecutivus
977 4276 1139 4358 periodos:

1204 4400 1220 4450 o
