3076 5190
727 1443 802 1528 aa.

311 1602 389 1669 Res
412 1619 589 1670 summae
612 1601 653 1667 in
675 1602 788 1668 brevi
811 1604 1030 1685 conspectu
1053 1603 1225 1686 positae.

312 1803 482 1880 Obliquum
517 1798 752 1864 coniunctivum
788 1800 916 1865 brevius
950 1799 1044 1864 licuit
1071 1803 1228 1882 tractare,
1251 1824 1326 1886 quo·

205 1909 290 1972 uiam
323 1907 391 1970 eius
423 1906 500 1971 linos
524 1907 587 1970 iam
611 1906 644 1970 in
668 1907 774 1988 priore
798 1906 892 1971 huius
917 1907 1146 1990 disputationis
1169 1911 1265 1991 parte
1289 1913 1326 1986 (r.

205 2036 236 2098 p.
262 2013 406 2089 74-75)
438 2014 753 2098 circumscripsimus.
799 2011 912 2098 Neque
948 2015 988 2078 ad
1023 2037 1117 2079 usum
1154 2016 1327 2100 quidquam

206 2120 347 2197 interest,
384 2125 489 2184 utrum
524 2121 563 2184 ad
598 2120 791 2186 infinitivum
822 2142 861 2185 an
886 2122 926 2185 ad
951 2122 1191 2187 coniunctivum
1216 2145 1250 2186 se
1274 2143 1327 2205 ap-

206 2224 313 2308 plicet.
350 2222 469 2289 Eodem
495 2224 577 2288 enim
601 2246 727 2309 semper
751 2226 876 2305 attinet,
901 2229 936 2291 ut
958 2227 1184 2292 secundariam
1202 2231 1327 2292 senten·

206 2332 283 2395 tiam
318 2331 384 2394 sive
414 2330 571 2395 infinitam
600 2332 666 2396 sive
691 2331 855 2396 definitam
879 2333 1072 2418 eloquente
1096 2334 1241 2399 alienam
1264 2355 1327 2398 esse

205 2437 375 2521 significet.

313 2544 419 2610 Pauca
441 2544 561 2628 obliqui
585 2545 776 2610 coniunctiri
806 2547 953 2630 exempla
975 2547 1115 2612 illustria
1140 2549 1326 2613 afferamus:

207 2669 417 2736 sacoaras.
445 2667 569 2733 Orabat
590 2668 695 2748 quod
718 2667 793 2734 istic
815 2675 923 2735 essai
944 2669 1099 2753 scriptum
1123 2677 1161 2737 at
1174 2673 1280 2756 fieret.

206 2776 303 2842 Mero.
332 2776 403 2840 151.
438 2795 486 2839 me
508 2773 705 2857 rupiacum
728 2775 882 2841 mrreredo
905 2781 973 2855 lca,

449 2880 493 2947 Ut
514 2900 615 2962 quaa
636 2880 783 2946 scirem
804 2882 886 2947 scire
908 2888 1050 2948 actutum
1072 2882 1134 2949 libi
1156 2883 1274 2952 liceret.

330 2989 404 3053 622.
440 2987 518 3070 quin
536 2989 753 3068 percomtata'c
775 2988 914 3054 hominia
937 3010 1019 3072 quae
1034 2989 1147 3075 saccea
1162 2991 1264 3076 foret,

445 3093 522 3175 Qui
543 3093 635 3158 dum
657 3093 844 3160 emisset?

205 3200 292 3267 Tria.
321 3203 415 3267 1105.
442 3200 546 3265 lebeta
571 3199 836 3286 Sc[a]9crionem
858 3223 960 3285 quae
985 3203 1284 3285 imperaverim

445 3305 567 3373 Ourare
588 3311 626 3372 ut
647 3309 829 3391 afferantur.

312 3431 358 3500 Ut
381 3434 421 3497 ab
445 3433 572 3517 obliquo
595 3433 796 3499 coniunctivo
819 3434 853 3497 in
877 3435 982 3519 priore
1007 3438 1098 3518 parte
1124 3436 1329 3501 distinximus

207 3563 278 3606 eum
311 3540 366 3624 qui
397 3540 520 3624 regenti
549 3539 707 3605 infinitivo
731 3541 901 3606 deberetur
923 3542 969 3626 (p.
994 3539 1188 3622 7511)‚ita
1213 3543 1267 3608 hic
1291 3544 1329 3606 ab

207 3670 244 3713 eo
277 3647 494 3731 separavimus
529 3651 783 3719 coniunctivum,
811 3653 867 3729 qui
890 3653 1124 3731 adrogantem
1149 3655 1328 3714 coniuncti·

205 3777 282 3819 vum
317 3758 557 3819 attraheretur:
594 3754 626 3817 in
650 3775 713 3837 quo
735 3755 901 3818 tractando
925 3756 1044 3820 diutius
1068 3757 1185 3820 morati
1210 3778 1328 3821 sumus.

208 3861 251 3926 Et
284 3861 410 3946 quidem
447 3861 646 3944 repperimus
678 3861 717 3924 ad
741 3862 975 3927 coniunctivum
1001 3863 1128 3927 easdem
1153 3863 1330 3927 sententias

206 3992 285 4054 quas
320 3970 359 4033 ad
395 3967 586 4031 infinitivum
623 3967 741 4030 attrahi
778 3971 874 4052 atque
909 3968 941 4031 id
966 3969 1079 4033 iisdem
1104 3969 1245 4054 legibus,
1271 3959 1331 4034 nisi

207 4076 288 4161 quod
314 4076 396 4158 apud
422 4075 657 4138 coniunctivum
683 4075 869 4159 diligentius
893 4075 932 4138 iis
956 4077 1206 4159 obtemperatur.

313 4179 338 4246 Ι.
386 4180 588 4244 Infinitae
620 4182 704 4244 enim
733 4182 991 4257 sententiae,
1016 4203 1119 4265 quae
1143 4184 1331 4248 eiusdem

206 4290 405 4374 temporis
428 4293 523 4352 sunt
546 4291 668 4373 atque
692 4288 988 4353 coniunctivus
1011 4310 1181 4373 regens,
1198 4290 1241 4355 ud
1258 4313 1330 4356 eum
