3076 5190
696 574 890 638 -118-

344 754 396 819 Ab
431 755 603 819 universali
640 753 919 839 argumentatione
953 773 1050 816 senex
1085 753 1213 816 orditur
1240 753 1364 817 nullum

237 867 358 926 certum
395 863 541 927 iuvenem
568 866 727 944 spectans.
782 861 888 943 Atque
924 860 1032 944 arguit
1066 860 1262 924 indicativus
1299 883 1363 923 ser·-

237 972 328 1033 vatus
362 969 394 1032 in
430 976 496 1032 turo
530 976 659 1053 poemat,
695 968 852 1032 secundae
880 988 1034 1049 personae
1058 966 1301 1031 coniunctivum
1326 968 1363 1030 ad

237 1075 416 1140 universale
451 1075 628 1139 subiectum
665 1077 872 1158 spectantem,
909 1095 971 1137 non
1007 1074 1086 1137 coni.
1120 1073 1365 1138 assimilationis

238 1203 305 1246 esse
329 1182 361 1245 iu
385 1202 478 1266 quom
504 1183 564 1244 seis
580 1181 635 1261 (=
648 1202 740 1245 wenn
770 1202 842 1243 man
864 1183 947 1264 jung
971 1181 1041 1257 (alt)
1066 1181 1132 1261 ist).
1180 1181 1242 1244 Sed
1268 1181 1364 1244 simul

238 1289 458 1352 demonstrant
481 1289 646 1352 indicativi
666 1296 750 1371 potes
775 1291 807 1350 et
830 1289 915 1364 ateis,
941 1309 1059 1367 senem,
1076 1309 1170 1371 quom
1189 1288 1231 1351 ad
1252 1309 1363 1351 senec-

237 1400 338 1459 tutem
362 1395 670 1459 commemorandam
693 1394 880 1469 transiisset,
916 1394 955 1458 ad
984 1417 1017 1458 se
1041 1395 1145 1477 ipsum
1169 1393 1285 1457 furtim
1311 1395 1363 1457 de·

236 1503 362 1586 lapsum
386 1523 453 1591 esse
477 1523 574 1584 seque
598 1502 702 1584 ipsum
726 1501 947 1584 compellasse:
988 1500 1033 1580 „0
1056 1499 1143 1575 lieb',
1160 1522 1195 1563 so
1222 1501 1301 1585 lang
1324 1502 1363 1564 du

237 1610 343 1674 lieben
367 1610 516 1673 kannst“.
563 1607 619 1673 Gfr
641 1607 735 1672 Most.
761 1609 814 1673 20.

345 1748 386 1814 II.
438 1749 552 1815 Futuri
575 1751 767 1814 indicativus
790 1756 937 1815 servatur
959 1750 993 1813 in
1017 1752 1105 1814 certa
1128 1772 1163 1814 re
1188 1750 1301 1815 futura
1324 1752 1363 1813 ad

238 1862 341 1923 certos
365 1857 509 1921 homines
532 1861 690 1941 spectans
760 1937 763 1945 Ι

344 1962 499 2028 Futurum
524 1963 660 2046 simplex
685 1966 849 2047 regentem
874 1963 954 2027 coni.
979 1984 1134 2046 sequens:

237 2071 331 2135 Most.
353 2070 429 2134 403.
454 2069 526 2134 Neu
561 2070 726 2154 quisquam
761 2076 925 2152 responset,
959 2070 1107 2154 quondo
1132 2105 1172 2114 —
1195 2070 1366 2153 pultabit

558 2197 658 2241 senece.

453 2281 597 2368 [putabit
619 2284 704 2362 libri,
734 2305 813 2348 corr.
838 2279 891 2362 3²,
915 2283 1077 2367 respondet
1102 2279 1145 2366 F]

238 2389 357 2456 Tranio
392 2393 477 2456 enim
513 2392 573 2455 scit
607 2413 715 2454 senem
751 2395 784 2454 et
810 2395 979 2454 venturum
1003 2412 1071 2453 esse
1096 2394 1128 2452 et
1151 2389 1366 2472 pultaturum.

239 2498 404 2584 Ambigua
428 2503 476 2563 est
498 2499 589 2563 verbi
613 2498 736 2581 species
760 2498 792 2561 in
817 2495 887 2561 Cas.
913 2498 976 2561 527
1000 2521 1030 2562 v.
1055 2519 1153 2581 supra
1176 2519 1206 2579 p.
1239 2498 1314 2562 107.

347 2613 502 2679 Futurum
539 2618 686 2678 exactum
720 2617 774 2678 aut
798 2617 962 2697 regentem
988 2613 1068 2677 coni.
1093 2634 1231 2695 sequeus
1258 2615 1370 2677 antei

239 2722 446 2786 antecedens:

240 2825 356 2893 Bacch.
377 2827 451 2892 757.
476 2828 544 2890 ubi
579 2829 659 2890 erit
693 2827 921 2890 occubitum
948 2827 1049 2906 semel,

475 2933 522 2996 Ne
559 2954 713 3018 quoquam
752 2935 938 3018 ecsurqotis,
978 2933 1100 2996 donee
1145 2955 1164 2994 a
1202 2953 1253 2996 oie
1289 2937 1371 2997 erit

581 3041 707 3123 ciperem
729 3039 876 3103 datam.

239 3146 411 3231 Chrysalus
447 3150 479 3211 et
514 3147 644 3211 confidit
678 3169 731 3211 eos
766 3147 827 3211 sibi
855 3148 1128 3229 obtemperaturos
1152 3167 1220 3209 esse
1248 3151 1283 3210 et
1306 3148 1372 3211 scit

239 3274 272 3316 se
296 3255 425 3338 signum
449 3254 596 3317 daturum
621 3274 700 3317 csse.

248 3396 251 3401 ·
358 3368 420 3452 Ep.
444 3370 519 3432 304.
545 3369 714 3449 nechites,
737 3371 830 3452 prius
853 3389 948 3453 quom
971 3389 1023 3451 epo
1048 3368 1090 3430 od
1112 3375 1140 3431 te
1162 3389 1284 3433 venero.

239 3483 380 3548 Maxime
404 3483 539 3568 insignis
564 3487 612 3547 est
634 3484 779 3548 veritatis
796 3482 883 3547 notio
899 3483 931 3546 in
949 3481 1009 3547 hac
1025 3488 1116 3559 sent,
1133 3504 1215 3566 quac
1237 3491 1371 3570 regenti

239 3590 440 3655 coniunctivo
463 3591 640 3655 antecedit:

240 3696 332 3780 Gapt.
354 3697 428 3761 691.
455 3697 588 3775 Quando
611 3718 663 3781 epo
687 3704 714 3759 te
737 3698 883 3780 exemplis
910 3698 1063 3780 pessumis
1097 3695 1369 3779 [eoeJcruciuoero

454 3804 556 3887 Atque
579 3803 613 3865 ob
637 3805 752 3866 sutelas
776 3811 847 3866 tuos
871 3812 898 3866 te
920 3805 1015 3867 morti
1037 3805 1161 3881 misero,

460 3909 513 3972 Vel
537 3917 570 3973 te
588 3911 743 3973 interiisse
766 3911 811 3973 eet
832 3909 964 3994 periisse
982 3908 1173 3993 praedicent.

347 4059 529 4124 Praesentis
565 4061 756 4126 indicativus
791 4062 881 4126 verbi
916 4062 989 4125 velle
1025 4063 1062 4125 ad
1100 4061 1242 4126 futurum
1284 4067 1371 4129 tem·

240 4189 299 4251 pus
323 4172 470 4264 spectans
494 4168 630 4231 licenter
653 4172 753 4232 restat
777 4169 809 4231 in

498 4273 616 4338 Bacch.
642 4276 716 4338 224.
748 4274 859 4338 Veniat
882 4276 1006 4361 quotide
1029 4277 1098 4341 volt.
