3076 5190
692 553 843 616 -8-

441 728 538 792 Oredo
551 731 653 812 edepol
665 750 716 812 epe
728 730 778 791 illi
790 730 956 795 mercedem
967 732 1051 812 pollo
1059 734 1212 815 pollicitos
1225 756 1320 816 cococ,

443 836 479 899 Si
501 837 536 899 id
552 837 664 920 polam
686 836 814 913 fecisset.
862 837 1002 900 363-4.

442 947 492 1006 An
518 951 545 1006 te
568 943 603 1005 id
625 951 797 1026 exspectare
820 952 944 1026 oportet,
969 947 1066 1029 siquis
1084 949 1250 1029 promittet
1267 949 1324 1011 titi

446 1049 487 1113 ,l'e
508 1049 670 1130 foetorum
698 1050 830 1126 divitem,
854 1053 883 1112 si
905 1048 1106 1135 mori<e>trer
1129 1061 1226 1116 meter
1249 1074 1320 1119 suo.

495 1154 648 1240 [moritur
670 1143 755 1232 libri,
779 1177 857 1220 corr.
880 1157 1030 1241 Pylades]

441 1266 466 1327 ie
489 1270 603 1346 speret,
630 1264 658 1324 ei
681 1265 708 1325 ei
730 1265 771 1326 sit
794 1264 878 1343 doto,

442 1371 507 1433 Sili
528 1369 597 1451 sore
616 1377 749 1453 pernice
775 1407 814 1414 —
839 1372 990 1435 eccrihioc.

303 1478 354 1541 56.
440 1479 505 1557 scit,
531 1475 558 1540 si
582 1478 616 1539 id
638 1479 787 1560 impetret,

443 1584 599 1655 Futurum
622 1585 704 1668 quod
727 1593 811 1647 cenot
834 1584 921 1648 intre
941 1589 1090 1670 pemsepie
1113 1609 1195 1651 smne.

275 1709 415 1788 6984),
441 1708 530 1773 Ourc.
557 1709 695 1786 667-9,
722 1709 838 1774 Bacch.
865 1711 937 1785 285,
963 1711 1060 1776 Mero.
1079 1713 1156 1794 prol.
1176 1712 1227 1789 79,
1245 1713 1320 1792 243,

206 1819 281 1893 420,
317 1817 411 1880 Most.
440 1817 534 1894 1084,
569 1814 751 1893 81111405,
790 1817 873 1880 1379
910 1841 937 1880 v.
970 1818 1063 1896 infra,
1099 1818 1149 1882 Pe.
1177 1820 1320 1899 776-8,

206 1923 298 1988 Truc.
324 1924 465 2002 89-90,
490 1923 675 1987 399-400.

314 2039 372 2103 His
397 2037 550 2122 exemplis
575 2040 753 2102 addendum
777 2045 825 2102 est
848 2063 955 2117 unum,
982 2042 1015 2103 in
1039 2064 1100 2124 quo
1124 2064 1195 2104 curn
1219 2065 1316 2125 prave

207 2148 304 2211 verba
339 2147 576 2230 coniungerent,
613 2167 720 2209 omnes
744 2151 896 2228 quantum
921 2149 986 2211 scio
1012 2149 1320 2213 coniunctivi'natu-

206 2278 274 2319 ram
297 2275 463 2338 perperam
489 2253 691 2345 interpretati
715 2256 805 2318 eunt:

208 2386 324 2470 Amph.
343 2387 416 2451 891.
442 2386 672 2450 Faciundumst
695 2389 740 2449 mi
763 2388 851 2465 illud,
876 2389 949 2469 sieri
972 2390 1053 2472 quod
1070 2391 1157 2451 illaec
1171 2392 1320 2472 postulat,

441 2493 479 2556 Se
493 2514 539 2555 me
554 2495 642 2555 illem
658 2501 819 2576 ormontem
830 2495 872 2556 od
887 2516 949 2557 cese
971 2496 1152 2558 studeam
1175 2499 1327 2579 recipere.'

205 2614 288 2682 Nam
325 2641 395 2681 cum
431 2619 475 2681 ita
511 2618 753 2702 coniungerent:
790 2618 1019 2683 Faciundumst
1054 2621 1132 2683 mili
1171 2621 1261 2701 illud,
1291 2625 1320 2685 si

206 2726 356 2804 studeam,
393 2748 450 2808 pro
485 2725 674 2788 inconcinna
698 2729 753 2787 aul
777 2730 926 2808 corrupta
950 2727 1031 2790 hanc
1055 2728 1217 2810 periodum
1244 2749 1319 2791 con·

207 2832 393 2895 dicionnlem
418 2831 557 2895 citarent
568 2827 601 2907 ¹).

312 2936 478 3023 Iungendc
502 2941 607 3001 autem
632 2943 718 3003 sunt:

439 3044 509 3126 fieri
531 3046 613 3130 quod
635 3046 724 3108 illaec
741 3048 889 3129 postulet,
915 3051 943 3110 st
971 3087 1003 3095 -
1032 3049 1181 3126 studeam,

207 3156 226 3219 i.
252 3176 278 3217 e.
304 3154 386 3236 quod
409 3153 502 3215 illaec
527 3134 665 3235 postulat
688 3156 723 3215 ut
746 3153 871 3231 faciam,
896 3155 922 3216 si
951 3191 986 3198 -
1014 3155 1168 3217 studeam.

313 3260 434 3324 Eadem
469 3260 569 3342 igilur
602 3259 708 3322 evadit
731 3261 958 3323 sententiarum
984 3264 1143 3324 structura
1167 3266 1261 3346 atque
1285 3264 1317 3326 in

207 3394 296 3460 Cure.
321 3395 396 3459 425.
438 3394 527 3473 Quod
549 3395 617 3456 istic
640 3395 828 3477 scriptumst,
856 3395 889 3456 id
912 3403 938 3457 te
962 3416 1054 3458 crore
1079 3399 1210 3459 iusserat

441 3499 583 3580 Profecto
607 3499 791 3581 olfaceret,
817 3521 907 3563 suom
930 3504 958 3564 ei
981 3502 1069 3564 celles
1090 3505 1238 3586 pretinm,

207 3641 246 3703 ad
279 3638 367 3702 cuius
400 3635 537 3718 exempli
561 3634 801 3698 similitudinem
825 3642 946 3699 nostros
972 3658 1079 3699 versus
1103 3637 1148 3700 ita
1172 3639 1247 3701 licet
1270 3639 1318 3702 in·

206 3748 357 3811 formare:

315 3919 333 3985 ¹)
352 3922 468 3985 Langen
487 3919 573 3970 Bcitr.
593 3935 642 3970 zur
661 3919 756 3971 Kritik
776 3936 802 3972 n.
817 3921 893 3972 Erkl.
908 3921 959 3972 des
972 3921 1099 3987 Plantae,
1113 3923 1228 3987 Leipzig
1242 3922 1319 3988 1880,

208 4032 233 4081 p.
252 4012 287 4065 48
307 4028 332 4066 v.
352 4008 404 4062 892
424 4023 540 4074 prorsus
557 4007 682 4073 damnat,
700 4005 830 4075 ›fortceee
841 4011 925 4061 recte»
941 4009 1052 4061 addunt
1064 4009 1153 4062 Goetz
1167 4015 1196 4062 ct
1210 4013 1318 4073 Loewe3

206 4120 233 4158 v.
251 4094 375 4155 892-96
404 4113 453 4164 pro
481 4096 613 4150 insiticiis
633 4097 721 4149 habet
739 4098 809 4159 Leo;
839 4098 985 4164 Lindskog
1004 4099 1046 4151 De
1066 4115 1110 4151 en.
1130 4101 1207 4166 apud
1226 4101 1319 4154 Plani.

207 4198 234 4245 et
254 4192 315 4243 Ter.
330 4185 583 4253 condicionalibus,
603 4186 720 4239 Lundae
734 4186 811 4253 1895,
831 4205 857 4255 p.
871 4188 913 4240 41:
936 4187 975 4240 ‹ei
993 4203 1085 4240 ocrem
1103 4191 1160 4242 892
1178 4189 1319 4257 retinetur,

205 4280 299 4335 colmm
314 4292 368 4346 pro
386 4273 535 4328 studeam
553 4273 697 4327 indicativi
710 4272 806 4344 forma
825 4275 944 4341 ctpdeo
963 4276 1129 4330 restituendo
1148 4281 1211 4332 eet».
