3076 5190
689 596 861 662 ..65-

212 777 244 840 in
279 775 452 841 universali
479 775 638 840 sententia
662 774 806 854 relativa,
831 780 904 860 post
927 775 1083 840 secundae
1108 776 1237 861 quidem
1261 798 1330 859 per·

212 905 307 948 sonae
332 884 462 947 verbum
488 883 686 966 primarium,
710 883 766 946 sed
790 883 836 946 ita
859 886 894 947 ut
918 882 956 946 de
980 883 1110 966 obliquo
1131 884 1333 948 coniunctivo

212 1012 275 1053 non
299 990 403 1074 magis
426 989 524 1054 liceat
546 990 689 1075 cogitare
712 1012 808 1073 quam
832 990 866 1054 in
889 989 949 1054 hac
972 990 1117 1074 periodo:

341 1113 413 1178 Par
435 1120 480 1178 est
502 1115 609 1195 (decet,
634 1115 767 1195 oportet)
790 1134 843 1179 voa
866 1113 941 1179 nette
964 1133 1044 1196 qnae
1066 1113 1206 1193 uelimus,

213 1239 267 1303 ubi
292 1261 367 1304 vera
390 1238 484 1303 huius
508 1239 702 1304 coniunctivi
726 1242 842 1303 natura
865 1240 944 1303 satis
968 1242 1080 1323 aperta
1104 1242 1162 1305 est.

318 1343 426 1429 Atque
457 1347 520 1410 iam
545 1368 604 1430 per
627 1369 661 1410 se
685 1347 860 1430 probabilis
884 1349 932 1410 est
955 1346 1008 1411 hic
1032 1346 1224 1411 coniunctivi
1247 1367 1332 1426 usus,

210 1455 237 1516 si
273 1453 520 1530 consideramus,
556 1475 651 1536 quam
681 1475 781 1538 prope
812 1454 897 1518 inter
919 1476 952 1518 se
977 1455 1131 1519 accedant
1153 1457 1331 1519 structurae

211 1560 433 1644 impersonalia
458 1563 491 1624 et
513 1560 699 1644 personalis.

317 1664 363 1732 Ut
386 1667 413 1731 si
438 1667 497 1731 hoo
521 1688 570 1732 ex.
595 1667 797 1751 inspicimus:

165 1879 168 1884 Ι
211 1790 276 1857 Cic.
301 1790 355 1856 Or.
379 1791 432 1872 44,
460 1793 532 1856 151.
567 1812 634 1855 mos
666 1797 711 1856 eet
744 1791 883 1856 Attente
905 1790 1097 1856 londonien
1120 1791 1260 1857 contione
1282 1812 1333 1856 eos

211 1897 268 1979 qni
289 1897 355 1962 sint
375 1897 413 1962 in
429 1897 553 1980 proelio
576 1897 744 1980 interfecti,

211 2024 399 2107 quantulum
416 2024 551 2088 interest
563 2027 669 2087 utrum
683 2023 840 2088 dicamus:
856 2043 922 2086 mos
933 2028 978 2086 est
989 2022 1127 2087 Athenis
1138 2022 1270 2088 landari
1282 2044 1332 2088 eoa

212 2167 253 2175 -
285 2152 326 2194 an
361 2130 548 2211 (secundum
573 2128 664 2214 Oapt.
690 2130 821 2214 uses-6
846 2152 876 2213 p.
898 2129 967 2213 19):
1002 2150 1069 2193 mos
1091 2134 1136 2194 est
1158 2128 1332 2195 Athenien·

210 2236 298 2301 sttrns
342 2236 477 2302 tondere
523 2273 562 2282 -
610 2259 650 2301 an
694 2236 792 2301 solent
836 2235 1042 2300 Athenienses
1084 2235 1219 2300 tundore
1266 2236 1334 2301 —?

210 2366 249 2408 ne
286 2365 540 2424 commemorem,
564 2344 665 2408 multa
700 2366 768 2407 esse
803 2345 902 2409 verba
925 2343 1161 2427 impersonalia,
1186 2364 1267 2428 quae
1291 2345 1332 2408 ad

210 2451 441 2515 nominativum
477 2472 503 2515 c.
528 2451 585 2515 inf.
610 2451 738 2535 proprie
773 2451 942 2515 referenda
969 2451 1043 2527 sint,
1078 2453 1114 2514 ut
1136 2449 1230 2515 Most.
1256 2451 1331 2514 666.

211 2559 448 2623 decretumst:
461 2554 591 2636 denen,
616 2557 661 2621 sic
685 2558 811 2642 saepius
835 2562 990 2633 certnncst,
1015 2556 1114 2621 Persa
1131 2558 1183 2621 66.
1205 2555 1333 2622 animus

209 2669 264 2746 (sc.
288 2665 389 2742 nnus)
423 2663 536 2729 induet
563 2668 676 2746 potest,
708 2664 799 2748 Capt.
826 2662 1330 2747 701.toemn'hiae9rest,Mil.

211 2772 285 2835 621.
309 2791 357 2835 me
380 2769 554 2836 nudat:
568 2770 701 2837 ornetur.

317 2878 379 2942 Sed
403 2877 498 2942 simul
521 2900 584 2943 non
608 2879 724 2943 mirum
749 2882 806 2956 est,
836 2900 907 2944 raro
930 2876 1015 2943 hunc
1039 2878 1273 2943 coniunctirum
1298 2879 1331 2942 in

210 2985 405 3050 nominativo
440 3006 468 3049 c.
494 2985 549 3051 inf.
574 2986 666 3050 nobis
697 3007 874 3050 occurrere.
921 2981 971 3049 Ibi
995 2984 1080 3048 enim
1103 2985 1236 3048 verbum
1259 2985 1332 3049 fini-

209 3097 276 3155 tum
314 3092 393 3156 adeo
419 3091 594 3176 praevalet,
619 3095 655 3156 ut
678 3092 806 3157 difficile
830 3092 872 3156 sit
895 3091 1086 3156 sententiam
1110 3090 1331 3156 secundariam

209 3221 281 3263 cum
315 3198 473 3263 infinitivo
507 3200 681 3283 praecipue
717 3199 910 3284 coniungere
923 3195 958 3281 ¹).
1016 3196 1121 3273 Quare
1156 3198 1332 3262 coniuncti·

211 3327 269 3370 vus
303 3306 357 3370 rix
393 3307 499 3389 potest
533 3306 713 3389 provenire,
756 3305 815 3369 nisi
851 3306 880 3369 ei
916 3305 999 3369 aliae
1034 3326 1159 3389 quoque
1193 3304 1332 3369 rationes

209 3413 444 3496 suffragantur:
480 3412 584 3496 qualis
619 3419 667 3476 est
702 3413 784 3476 ratio
815 3413 849 3476 in
873 3411 991 3495 Amph.
1016 3413 1058 3476 39
1083 3411 1116 3475 in
1140 3411 1210 3495 ipso
1232 3411 1332 3476 verbo

207 3519 350 3584 oetn'mns.
397 3516 482 3583 Nam
505 3519 582 3596 voto,
606 3518 708 3597 oetn'm,
733 3518 836 3583 nolum
851 3519 885 3583 in
902 3517 1008 3583 Plauti
1025 3518 1138 3603 lingna
1153 3539 1216 3582 non
1235 3517 1332 3603 longe

208 3627 295 3690 iuter
316 3647 351 3689 se
376 3625 506 3690 distant.

317 3871 326 3902 ι
430 3873 437 3886 .
459 3874 465 3887 .

327 3873 489 4016 )M1di1.si3'tl.n
514 3960 599 4030 Quem
620 3965 650 4015 tn
667 3961 812 4016 adservare
830 3965 900 4015 recte
918 3977 951 4014 ne
969 3959 1103 4030 onfrspint
1119 3961 1198 4025 votes,

511 4049 586 4105 Esco
602 4054 683 4120 atque
697 4050 808 4120 potione
827 4050 926 4104 einctnd
943 4049 1045 4116 decet,

208 4159 275 4195 curn
293 4141 411 4208 reliquis
431 4142 513 4194 codd.
532 4142 655 4208 legimus
674 4139 788 4205 debet,
808 4141 929 4194 relativa
942 4144 1015 4193 sent.
1029 4139 1192 4192 subiectum
1204 4141 1238 4193 fit
1250 4141 1331 4195 verbi
1444 4201 1446 4205 ,

208 4230 285 4283 finiti
312 4228 394 4296 debet,
423 4230 469 4283 sin
497 4235 595 4284 autom
621 4247 687 4284 cum
705 4232 767 4285 cod.
787 4232 810 4283 Β
829 4230 983 4284 scribimus
1002 4227 1084 4292 decet,
1104 4229 1153 4282 rel.
1174 4234 1248 4283 sent.
1267 4230 1332 4283 sub·

208 4320 316 4375 iactum
335 4322 382 4374 cst
400 4319 538 4375 infinitivi
556 4318 666 4374 vinciri.

1207 4425 1225 4478 5
