3076 5190
599 496 773 592 ..11-

127 706 211 770 haud
245 707 351 790 inepte
387 706 642 790 expostulantem
677 706 770 770 facit:
806 707 890 790 (peciit,
928 709 962 768 ut
986 705 1031 768 ait
1055 703 1238 787 Chrysalus,

129 835 210 893 „iton
234 820 261 875 te
283 812 569 893 defrmdamriw.
616 812 796 877 Cuiusmodi
825 812 1014 876 coniunctivi
1040 811 1162 894 obliqui
1186 832 1237 873 re·

127 920 293 1002 periuntur
316 919 348 982 iu
372 919 427 983 As.
447 919 520 995 583,
546 918 615 984 cas.
634 920 709 997 677,
729 918 804 983 cist.
826 919 965 997 101-2,
983 917 1082 983 Mero.
1099 917 1241 993 923-4,

127 1026 194 1090 Mil.
231 1027 327 1093 6-7,
365 1026 439 1101 696,
473 1027 635 1091 859-60.
673 1024 841 1089 Iudicativi
877 1025 1022 1108 exempla
1049 1028 1137 1089 sunt:
1173 1023 1241 1087 Mil.

129 1135 225 1211 1222,
249 1132 333 1196 Men.
362 1135 433 1209 129,
459 1133 555 1227 Most
574 1134 760 1210 499-500,
787 1132 838 1196 Ps.
857 1133 1020 1212 279-80,
1038 1135 1081 1195 St.
1102 1132 1242 1203 174-5,

127 1239 209 1304 Rud.
235 1240 375 1305 388--9.

234 1344 296 1410 Sed
321 1347 415 1410 etiam
441 1347 524 1409 intra
548 1347 706 1429 obliquam
732 1346 905 1409 orationem
938 1385 967 1392 -
997 1343 1049 1407 hic
1066 1343 1149 1407 enim
1170 1343 1240 1426 agi-

128 1477 196 1518 mus
220 1454 258 1517 de
291 1454 457 1518 sententiis
481 1453 686 1529 secundariis,
710 1475 791 1535 quae
816 1453 854 1515 ad
880 1452 1054 1515 infinitivus
1078 1472 1111 1512 se
1136 1449 1241 1532 appli-

128 1565 201 1623 cant
239 1598 276 1605 —-
312 1560 484 1624 indicativo
520 1560 670 1643 exprimit
704 1561 731 1622 is
755 1561 809 1642 qui
834 1560 981 1643 loquitur,
1007 1578 1240 1640 quamcumque

127 1668 316 1732 sententiam
349 1672 404 1731 aut
427 1669 495 1750 ipse
519 1666 677 1730 narrando
701 1667 789 1730 addit
813 1670 867 1730 aut
889 1666 954 1729 suis
979 1665 1085 1728 verbis
1109 1664 1239 1728 circum·

127 1775 239 1839 scribit
250 1771 273 1851 ¹)
297 1775 348 1838 vel
372 1796 410 1837 ex
434 1796 491 1838 sua
514 1780 619 1837 mente
644 1775 775 1856 profert.

237 1919 264 1981 l.
311 1915 398 1992 Quae
423 1919 503 1980 ratio
539 1917 672 1980 maxime
697 1920 808 2000 aperta
831 1921 889 1993 est,
915 1917 966 1980 ubi
993 1914 1243 1999 parenthesis

127 2024 195 2088 loco
219 2031 266 2087 est
289 2026 447 2088 sententia
470 2025 664 2102 secundaria,
691 2024 870 2106 explicandi
895 2000 989 2087 caiisa
1013 2023 1135 2087 addita.

235 2157 524 2241 Comparativae
548 2163 627 2222 seut.
653 2163 741 2222 sunt:

128 2282 245 2367 Amph.
264 2285 315 2346 22.
343 2282 534 2346 intellexerat

348 2389 454 2452 Vereri
470 2410 520 2452 cos
535 2410 566 2453 se
578 2396 605 2451 ct
622 2396 761 2466 incinere,
783 2392 885 2451 itaut
908 2395 1111 2473 (aequomst
1127 2387 1240 2453 Iovem.

239 2498 314 2561 469.
340 2518 434 2582 neque
456 2497 555 2559 credet
578 2498 638 2559 linc
655 2496 840 2580 profectum,
868 2505 905 2558 ut
930 2499 1112 2559 iusserat.

237 2603 457 2668 Relativae
481 2608 561 2669 seut.
586 2608 675 2668 sunt:

127 2711 220 2776 Truc.
242 2712 315 2776 579.
341 2711 432 2774 Erus
457 2749 496 2756 —
522 2713 565 2773 od
587 2719 613 2774 te
636 2711 790 2790 ferretne
813 2710 886 2773 lutee
911 2712 1001 2772 iussit
1024 2710 1079 2772 titi

341 2817 435 2880 Dono
458 2839 556 2901 quae
579 2819 687 2880 vides
710 2818 780 2879 illos
802 2815 939 2901 fer<r>c
975 2816 1065 2900 Oapt.
1083 2818 1135 2881 29.

128 2925 195 2990 Mil.
223 2926 294 2990 127.
342 2927 417 3006 (ait)
452 2925 522 2988 Sese
547 2926 633 2988 itiam
659 2946 765 2987 cincre
789 2945 887 2987 iocum
911 2944 998 2986 erum
1023 2923 1155 2986 Athonis
1182 2924 1246 3006 qui

447 3031 542 3111 fni&
574 3032 630 3095 cfr.
658 3033 730 3096 132.

221 3140 293 3204 183.
342 3140 403 3201 nisi
437 3139 559 3222 quidam
591 3140 647 3199 iso
671 3159 726 3201 iace
750 3139 817 3217 nott,
853 3140 921 3221 qai
955 3140 1062 3200 serni
1096 3157 1242 3214 aomos,

450 3281 489 3289 —
514 3245 657 3307 crucibus
682 3280 720 3288 -
746 3246 827 3308 (luri

234 3378 311 3443 Cum
336 3378 395 3443 hoc
420 3379 565 3462 exemplo
588 3379 681 3461 plane
706 3379 862 3442 consentit

129 3486 198 3551 Cas.
227 3487 297 3550 193.
342 3486 425 3565 Quin
449 3486 525 3548 miti
548 3487 731 3549 ancillulam
754 3486 901 3569 inprotiis
922 3484 1069 3568 postulat,

342 3593 447 3671 Quae
470 3601 603 3673 meost,
630 3614 707 3677 quoe
730 3614 794 3655 meo
817 3593 925 3655 educto
949 3598 1076 3674 aucupto
1099 3593 1165 3670 siet,

346 3700 443 3763 Vilico
467 3722 498 3763 se
520 3721 576 3763 suo
599 3701 683 3764 dore.

234 3824 317 3890 Nam
352 3826 510 3889 sententia
533 3826 602 3909 ipsa
626 3826 726 3902 docet,
751 3824 808 3887 has
832 3824 982 3887 relativas
1006 3823 1241 3886 enuntiationes

128 3954 187 3996 non
232 3954 300 3996 esse
339 3934 406 3996 eius
449 3933 504 4015 qui
537 3933 707 4015 postulat,
749 3933 804 3994 sed
841 3933 881 3996 ab
917 3954 954 3994 ea
989 3953 1069 4014 quae
1105 3930 1245 4013 loquitur

132 4039 335 4122 „postulatis“
362 4039 448 4103 illius
472 4040 597 4124 opponi.
634 4039 859 4104 Coniunctivus
883 4039 994 4122 igitur,
1019 4038 1074 4121 qui
1100 4038 1244 4121 sequitur

236 4251 255 4320 ¹)
273 4254 323 4307 cfr.
343 4253 464 4305 Kiihner
483 4252 564 4304 Ausi.
584 4252 632 4305 Gr.
652 4252 669 4320 ξ
688 4250 751 4306 2391
770 4268 795 4305 a.
814 4251 838 4303 2.
869 4250 1087 4303 Lattm-Muller
1106 4249 1123 4317 ξ
1143 4250 1202 4317 139,
1220 4250 1244 4304 2.
