3076 5190
678 567 848 633 ..14-

223 746 313 812 Cure.
336 745 410 812 333.
437 745 604 830 Respondit
593 747 707 810 5551151
726 749 837 830 paucis
859 747 1012 809 oschisi
979 754 1070 832 atque
1092 747 1167 810 odeo
1188 747 1289 830 fidelit
1266 770 1329 811 5·55

420 854 573 933 Quadi
562 853 724 916 5161551
713 861 781 916 item
818 853 876 916 sibi
910 875 990 917 esse:
1020 875 1167 938 mapnorn
1200 860 1329 940 arpenti

525 962 610 1044 inope
612 983 672 1023 orn.

208 1084 293 1161 Quae
320 1087 415 1150 rerba
445 1067 514 1148 nou¹
532 1088 567 1147 ut
591 1087 630 1149 ab
655 1086 779 1169 hospite
804 1087 888 1150 dicta
912 1087 1103 1166 referuntur,
1128 1089 1182 1152 sed
1208 1088 1324 1152 Curcu-

207 1193 300 1256 liouis
325 1193 423 1275 ipsius
447 1196 529 1268 sunt,
555 1193 712 1254 notionem
738 1194 860 1276 inopiae
884 1194 1181 1259 circumscribentis.

207 1312 249 1372 St.
276 1310 350 1373 563.
420 1307 518 1370 Senon
541 1308 665 1390 quidone
688 1308 792 1384 notuit,
817 1312 845 1369 si
864 1317 975 1392 posset,
1000 1311 1147 1394 indipisci
1171 1312 1207 1373 de
1230 1312 1314 1374 cibo:

421 1413 503 1492 Quiu-
527 1416 640 1498 nequit,
666 1436 742 1498 qna
766 1417 844 1497 tepe
868 1418 898 1476 11
907 1419 972 1479 oni
980 1425 991 1479 5
1014 1419 1087 1480 55115
1110 1418 1192 1481 dieii
1212 1418 1292 1499 fieri.

206 1530 314 1595 Verba
336 1553 397 1615 qna
417 1567 454 1574 —
474 1531 561 1593 1155515
585 1553 647 1594 uon
671 1532 754 1594 senis
779 1532 908 1615 apologi
932 1533 1029 1596 verba
1053 1537 1126 1597 sunt
1147 1534 1201 1597 sed
1219 1535 1323 1616 apolo-

205 1661 281 1722 gum
306 1639 464 1701 narrantis
467 1638 546 1720 ‚qui
571 1638 609 1700 ad
627 1660 679 1700 cer
681 1642 744 1700 tam
763 1639 866 1721 legem
886 1640 1000 1721 respici
1002 1640 1086 1721 t(=
1101 1641 1237 1724 selega,
1260 1664 1324 1723 qua

208 1745 306 1821 licuit,
284 1745 352 1807 ti.
377 1767 405 1808 e.
430 1745 497 1807 siue
522 1745 644 1808 cibor
671 1746 744 1820 558,
770 1767 887 1808 nou:
845 1768 1097 1829 -quacumque
1122 1747 1217 1831 lege)

146 1870 150 1881 ’
207 1860 282 1924 cist.
310 1860 383 1924 179.
420 1859 466 1922 Ε5
454 1869 555 1921 tenen
581 1863 732 1943 capnoseit
756 1882 826 1937 5555,
852 1883 958 1945 qnam
982 1872 1260 1946 compresserat,

206 1977 261 2060 qui
285 1976 415 2039 indicat'
392 1981 476 2039 trvus
499 1977 658 2038 narrantis
683 1979 739 2051 est,
765 1976 836 2039 fort·
815 1981 930 2040 tasse
923 1978 961 2040 ad
986 1979 1096 2041 similit
1083 1980 1223 2042 tudinem
1250 2002 1322 2043 ver-

211 2105 263 2146 sus
288 2084 513 2160 antecedentis,
538 2083 591 2165 qui
616 2083 647 2144 iu
673 2084 754 2145 idem
780 2085 909 2146 verbum
935 2086 1017 2148 exit:

323 2198 395 2262 177.
420 2199 511 2261 (15515
535 2219 659 2261 nemeen
686 2235 728 2242 —

372 2318 374 2322 ’
418 2304 561 2368 Eandem
586 2326 697 2389 quarn
726 2341 758 2348 ——
788 2318 1090 2388 compresserat.

209 2422 293 2502 (oum
319 2422 357 2484 ad
382 2423 558 2485 subiectum
584 2421 728 2504 primarii
753 2423 907 2485 enuntiati
933 2424 1082 2505 respiciat
1105 2424 1322 2488 coniurrctirus

207 2539 237 2601 in
264 2537 338 2601 Aul.
364 2539 416 2601 29.
461 2536 498 2599 15
520 2539 577 2600 5515
601 2538 787 2615 adulescens,
820 2559 898 2622 qnae
920 2541 970 2618 sit,
995 2561 1104 2623 qnam
1130 2562 1323 2622 (555555555-

561 2645 687 2722 55515.)

208 2751 278 2816 Cas.
292 2751 435 2834 5550156.
461 2751 533 2829 8515,
558 2753 587 2813 51
609 2752 644 2812 1(1
666 2753 815 2835 impetret,

462 2857 622 2920 Fntnrnrn
648 2860 743 2941 qnod
765 2862 970 2922 5515515155(
993 2864 1152 2943 praesepis
1174 2882 1258 2923 snas.

209 2975 267 3037 His
305 2975 409 3038 verbis
448 2974 548 3058 „qnod
574 2976 677 3036 anund
704 2973 854 3058 prologus
879 2976 946 3058 ipse
971 2977 1202 3041 circumscribit
1225 2977 1321 3040 notio-

207 3104 277 3144 nem
320 3081 465 3165 ’puellae'
502 3080 572 3156 (cfr.
597 3080 686 3144 Cure.
715 3081 787 3156 136,
815 3083 887 3159 138,
912 3078 1008 3146 Poen.
1035 3084 1109 3162 820,
1132 3083 1219 3147 Trio.
1246 3085 1324 3159 242,

209 3187 351 3254 Cavallin
376 3187 501 3251 Tidskr.
526 3187 548 3249 1.
574 3187 686 3251 Philol.
713 3185 737 3266 Ι,
764 3211 793 3271 p.
812 3190 900 3264 266),
935 3188 984 3251 Ad
1008 3191 1212 3253 indicativum

206 3305 254 3368 515
277 3304 337 3388 Ep.
363 3303 415 3368 47.
441 3305 612 3382 manrdaoit,
642 3343 674 3350 —
703 3312 737 3367 nt
758 3303 888 3386 fidicina

441 3409 522 3488 Qna
536 3432 563 3471 nn
590 3410 745 3472 amabat
770 3419 918 3473 erneretur
941 3412 1009 3476 5111.

207 3518 325 3601 Amph.
347 3519 417 3581 170.
443 3516 516 3601 Ipse
539 3517 756 3580 dominnsdio
728 3539 797 3588 nes,
822 3520 922 3600 operis
945 3526 971 3579 55
995 3519 1111 3579 tatoris
1134 3540 1251 3601 eaperqs

441 3625 751 3709 Quodqnonrqne
784 3624 992 3687 ironiiniacc
1000 3627 1077 3687 ’1(15
1101 3626 1211 3705 turbere
1232 3647 1322 3709 posse

544 3739 640 3794 5··55555.

208 3839 352 3904 1551555155
379 3840 536 3902 sententia
561 3836 671 3901 Sosiae
696 3843 744 3900 555
768 3839 925 3902 notionem
952 3840 1076 3903 ’omnia'
1094 3840 1143 3902 vel
1168 3840 1318 3903 eiusmodi

206 3947 503 4010 circumscribentis.
553 3946 684 4009 Frustra
708 3946 772 4010 Leo
797 3947 877 4009 coni.
904 3947 1086 4009 'acciderit'.

311 4064 341 4143 c)
377 4061 411 4125 lu
448 4067 598 4146 promptu
633 4067 689 4136 est,
719 4085 775 4125 suu
799 4062 928 4125 verba
920 4084 1022 4146 ipsum
1048 4062 1141 4125 facile
1166 4063 1318 4145 proferre,

204 4170 340 4252 siquis
332 4170 424 4233 51555
456 4170 622 4252 praecipit
654 4169 728 4251 quid
754 4170 838 4232 dicat
825 4172 917 4232 taut
940 4170 1064 4232 sentiat.
1112 4169 1174 4249 (De
1199 4192 1261 4252 qua
1286 4194 1318 4233 re

203 4278 243 4340 ad
267 4274 299 4339 II
321 4299 405 4360 pers
430 4301 460 4360 p.
487 4277 528 4340 60
553 4276 652 4339 fusius
677 4277 783 4359 disput
785 4276 932 4358 abimus)
