3076 5190
695 562 891 628 -167-

230 741 294 805 tius
329 740 549 805 examinamus
583 741 683 805 iuturi
718 742 871 825 temporis
904 741 1082 806 sententiae
1111 741 1255 806 infinitas
1278 747 1352 807 sunt

230 847 306 928 (uon
331 847 509 932 praesentis
533 851 589 912 aut
612 848 775 933 persentit:

336 954 436 1019 Mera.
461 955 592 1019 siu-3
617 959 649 1019 et
672 954 755 1021 Rud.
781 955 866 1019 1128
890 979 920 1021 v.
943 979 975 1040 p.
994 956 1135 1034 irs-73
1160 954 1241 1020 Rud.
1264 955 1350 1021 1295
1397 1007 1400 1013 .

228 1083 259 1144 p.
287 1061 473 1139 149-150;
497 1060 566 1125 Mil.
593 1062 679 1126 1230
701 1085 733 1146 p.
761 1061 927 1140 1543Mi1.
955 1062 1161 1128 14901370
1185 1084 1216 1146 p.
1244 1063 1318 1128 157.

335 1203 372 1267 ln
407 1204 539 1268 definita
573 1204 701 1288 quidem
725 1205 884 1269 sententia
907 1205 989 1269 coni.
1014 1205 1173 1289 reperitur
1195 1209 1348 1289 sequente

226 1309 413 1377 indicativo:

227 1434 279 1501 Ps.
303 1437 378 1502 927.
436 1434 492 1503 Sic
513 1457 566 1521 epo
587 1434 680 1500 illum
705 1473 745 1482 -
771 1436 811 1502 10
834 1434 976 1501 timorem
999 1437 1078 1500 dabo
1102 1472 1143 1483 -

439 1543 535 1628 Ipsus
557 1565 621 1608 sese
642 1551 678 1607 ut
700 1551 786 1628 nepet
808 1565 871 1607 essa
893 1564 961 1607 eum
985 1541 1049 1629 qui
1071 1541 1151 1610 siet.

410 1694 413 1699 ·
438 1650 553 1736 Meque
575 1658 610 1714 ut
633 1672 695 1714 esse
717 1657 857 1715 autumet
879 1648 943 1736 qui
965 1649 1073 1735 ipsus
1095 1658 1157 1714 ast.

376 1755 432 1842 [si
459 1799 492 1807 -
521 1758 592 1842 Ipse
615 1794 658 1805 -
681 1778 752 1823 eum
774 1779 837 1822 esse
862 1793 902 1803 -
926 1765 983 1822 aut
1005 1765 1072 1821 tum
1094 1764 1123 1821 et
1145 1755 1200 1842 P.]

223 1879 285 1946 Sed
320 1881 400 1947 haee
435 1882 531 1967 plane
565 1883 673 1948 eadem
699 1886 748 1946 est
770 1883 935 1947 modorum
959 1882 1130 1947 arbitraria
1152 1882 1288 1948 variatio
1309 1882 1344 1946 in

221 1991 324 2053 metro
358 1988 504 2053 cretico
538 1992 571 2052 et
605 1979 826 2090 eeneessilro
858 1989 1089 2052 sententiarum
1124 2010 1219 2069 nexu,
1246 2010 1342 2073 quam

219 2095 285 2159 iam
307 2096 513 2181 eognovimus
536 2119 567 2180 p.
595 2097 724 2161 11-12
748 2097 782 2161 in
805 2094 876 2162 (tas.
903 2096 1044 2162 193—4.

327 2237 471 2305 causalis
495 2243 527 2303 et
550 2240 751 2304 concessivus
775 2242 825 2304 est
847 2239 929 2303 coni.
953 2239 987 2303 in

218 2362 339 2447 Amph.
358 2364 431 2429 694.
456 2372 485 2430 te
519 2372 554 2429 ut
587 2366 734 2429 deludam
771 2403 822 2445 —,
859 2364 935 2444 Qui
965 2384 1050 2427 nune
1070 2364 1211 2447 primum
1234 2369 1262 2426 te
1283 2362 1339 2425 ad=

560 2474 677 2537 venisse
698 2473 828 2551 dicus,
852 2472 942 2536 modo
964 2472 1020 2556 qui
1041 2470 1115 2534 tina
1136 2469 1260 2534 abieris.
1349 2484 1351 2489 ·

217 2575 317 2641 Persa
340 2579 415 2645 991.
455 2579 503 2643 Ne
526 2587 553 2644 te
576 2579 750 2643 indotatam
773 2580 869 2658 011000,
893 2581 966 2664 quoi
988 2578 1044 2641 dos
1065 2576 1121 2641 sit
1143 2574 1237 2641 (10011.

215 2683 312 2749 Poen.
354 2686 406 2751 91.
460 2686 581 2751 Vosmet
603 2707 688 2750 nune
709 2685 805 2769 facite
827 2683 1036 2750 coniecturum
1057 2690 1199 2761 ceteram,

452 2793 538 2873 Quid
559 2794 595 2858 id
616 2796 657 2858 sit
679 2791 816 2857 taminia
839 2789 933 2878 quoi
956 2790 1041 2877 ltpeo
1063 2811 1173 2854 amaea
1195 2793 1281 2855 siat.

215 2896 321 2962 Possis
349 2899 508 2965 infinitam
533 2900 696 2985 appellare
731 2903 812 2964 sent.
848 2901 984 2985 quoi-
1009 2896 1337 2984 siet=aiqu0iaier

214 3004 266 3069 vel
289 3005 493 3093 quotcumque
515 3006 573 3073 siet
596 3012 628 3072 et
652 3007 836 3072 attractioni
859 3005 1095 3071 coniunctivum
1118 3004 1268 3070 tribuere.

320 3148 453 3215 Causala'
474 3171 566 3236 quom
589 3152 724 3216 debetur
747 3150 828 3215 coni.
853 3150 887 3215 in

212 3273 328 3340 Bacch.
350 3275 425 3342 907.
449 3283 485 3340 ut
507 3297 578 3341 eum
600 3274 694 3340 dietis
711 3277 874 3361 plurumis

448 3383 613 3467 Gastiqem,
636 3404 746 3470 quom
769 3383 844 3447 taee
866 3380 912 3446 sia
934 3417 977 3426 -
998 3379 1144 3463 faeiat.

620 3706 657 3771 B.
702 3710 916 3772 Indioativus.

208 3880 247 3964 ἐξ
274 3883 302 3945 l.
350 3883 457 3968 Apud
493 3886 708 3971 simplicem
744 3887 1029 3952 coniunctivum
1061 3884 1141 3950 sive
1169 3883 1328 3950 finalem

465 3993 546 4058 sive
570 3994 854 4060 subiunctivum
878 3994 1070 4059 indicativus

227 4250 229 4255 y
312 4167 337 4234 I.
385 4192 535 4256 semper
569 4175 725 4241 retinetur
759 4179 799 4258 a)
823 4181 856 4242 et
886 4179 919 4243 in
955 4180 1133 4245 definitis
1159 4182 1326 4246 sententiis

205 4276 243 4361 b)
267 4280 300 4342 et
322 4277 356 4343 in
379 4277 566 4360 infinitis,
591 4305 673 4376 quae
698 4285 816 4351 alieni
840 4293 1134 4380 temporis-sunt,
