3076 5190
669 592 868 658 -171-

314 795 342 839 c.
389 772 550 838 Definitae
585 770 763 837 sententiae
798 771 859 834 hae
883 790 1007 854 quoque
1031 768 1220 834 iudicandae
1244 773 1328 849 sunt,

209 904 292 966 quae
316 881 357 945 ad
380 881 561 945 futurum
586 883 712 962 tempus
734 877 906 961 pertinent,

315 1036 378 1080 non
411 1013 511 1079 solum
536 1013 591 1078 ubi
615 1034 766 1097 praesens
790 1016 916 1094 tempus
939 1011 1111 1074 instantem
1136 1032 1203 1074 rem
1228 1010 1330 1094 signi·

208 1122 299 1188 ficat:

201 1246 302 1312 Most.
323 1247 397 1312 396.
425 1244 520 1310 Potin
544 1253 579 1309 ct
602 1281 645 1289 -
667 1244 772 1338 faeces
795 1243 898 1329 quod
924 1241 1061 1306 iubeo?

209 1353 319 1417 =doe
342 1353 422 1438 quod
444 1352 558 1430 iubeto,
590 1374 651 1416 uon
665 1351 929 1436 :quodcumque
952 1347 1081 1424 (Bacch.
1107 1349 1183 1413 990⁰
1207 1352 1240 1412 et
1265 1348 1329 1413 993

208 1483 238 1526 v.
261 1460 369 1536 infra),

315 1594 370 1658 sed
395 1594 494 1659 etiam
518 1594 572 1658 ubi
596 1592 696 1658 futuri
719 1591 910 1657 indicativus
934 1594 997 1656 est:

210 1719 285 1784 Aul.
311 1720 384 1784 210.
425 1717 546 1797 Quaeso
576 1718 671 1803 quod
705 1724 732 1781 te
764 1715 1028 1800 percontabor,
1056 1737 1095 1779 ne
1118 1715 1156 1778 id
1178 1723 1206 1778 te
1222 1713 1331 1799 piqeat

526 1821 684 1908 proloqui.

209 1931 292 1997 Rud.
317 1933 392 1998 634.
425 1931 490 1997 629
526 1932 627 2016 (teque
661 1933 730 2005 cro)
771 1930 810 1994 Ut
844 1937 872 1993 te
906 1950 944 1992 ne
974 1931 1081 2014 piyeot
1107 1929 1184 1993 dere
1205 1949 1330 2010 operam

529 2036 608 2102 miti
642 2038 746 2123 qaod
779 2044 814 2101 te
848 2036 980 2117 orabo,
1015 2055 1116 2099 senec.

210 2143 296 2210 Nam
331 2150 435 2210 certes
469 2168 519 2210 res
543 2145 718 2229 spectatis
741 2144 796 2228 qui
820 2143 970 2228 loquitur,
995 2144 1033 2208 de
1057 2142 1173 2226 quibus
1195 2143 1331 2206 interro-

208 2257 343 2337 gaturus
367 2257 424 2318 est.

208 2377 302 2442 Most.
326 2377 423 2443 1095.
447 2376 497 2441 Ne
531 2374 613 2441 enlm
648 2375 701 2441 illi
735 2378 795 2442 leuc
829 2376 994 2461 confecere
1016 2376 1134 2459 possint
1157 2373 1331 2458 quaestioni

529 2504 624 2567 quos
655 2483 776 2551 dacia

316 2622 428 2682 Servos
451 2617 536 2681 enirn
560 2622 685 2700 spectat
708 2619 805 2702 isqui
822 2618 972 2702 loquitur,
989 2638 1067 2700 quos
1083 2619 1119 2679 ut
1135 2638 1174 2679 ex
1190 2638 1220 2680 v.
1245 2615 1329 2680 1087

208 2727 345 2809 apparet
367 2745 465 2788 senex
489 2745 523 2787 se
548 2724 694 2789 daturum
720 2746 788 2789 esse
812 2724 975 2808 pollicitus
999 2727 1058 2788 est.
1105 2721 1213 2787 Etiam
1237 2722 1270 2786 in

210 2847 304 2914 Onrc.
326 2849 400 2913 432.
430 2848 542 2912 Tecum
565 2869 620 2912 oro
643 2856 671 2912 et
693 2869 816 2934 quaeso,
842 2849 910 2932 qui
940 2848 997 2911 lca
1021 2847 1148 2911 tabellae
1171 2846 1332 2928 adferet

427 2952 507 3035 Tibi,
532 2962 568 3018 ut
592 2953 627 3018 ei
649 2956 740 3019 detur
762 2976 856 3039 quom
880 2953 950 3018 istic
972 2956 1033 3018 emi
1055 2952 1217 3038 oirqe'nem,

209 3061 364 3127 credibile
389 3063 445 3140 est,
471 3065 592 3126 certum
617 3060 778 3126 hominem
801 3065 964 3146 spectasse
989 3082 1060 3124 eum
1084 3060 1140 3144 qui
1163 3058 1247 3124 hanc
1263 3059 1331 3143 epi·

209 3168 327 3235 atulam
351 3167 576 3233 conscriberet.

316 3298 354 3366 In
389 3299 506 3366 Bacch.
532 3301 610 3365 989·
633 3304 741 3366 autem
775 3304 928 3386 quantum
964 3302 1057 3367 video
1091 3302 1213 3366 ratione
1244 3304 1333 3366 caret

208 3409 312 3473 futuri
335 3408 527 3474 indicativus
550 3409 605 3492 qui
629 3408 733 3472 estin
757 3408 799 3475 B:

521 3535 587 3598 colo
610 3541 645 3598 ct
668 3534 750 3619 quod
771 3533 877 3599 iubebo
898 3533 1022 3617 facio&

209 3681 227 3724 e
262 3660 441 3744 syntectica
475 3660 598 3725 ratione
630 3661 711 3724 bene
736 3660 918 3725 defenditur
941 3660 1119 3744 praesentis
1142 3658 1332 3723 indicativus

209 3771 388 3831 ceterorum
424 3766 577 3843 codicum,
613 3789 806 3851 quamquam
840 3769 966 3853 regenti
989 3766 1166 3832 sententiae
1190 3766 1332 3848 interpo-

208 3873 288 3937 situs
324 3877 387 3939 est:
422 3875 490 3938 colo
524 3882 559 3938 ut
593 3874 676 3958 quod
708 3873 796 3938 iubeo
829 3873 943 3956 faciae.
1003 3873 1131 3939 Certum
1155 3873 1240 3936 enim
1264 3893 1331 3936 rem

209 3983 336 4063 spectat
370 3981 456 4058 (ades
484 3980 575 4056 990³)
598 3984 634 4044 ut
657 3981 690 4044 in
715 3980 790 4045 990⁰
813 3982 896 4067 quod
917 3979 1004 4045 iubeo
1026 3979 1063 4045 id
1083 3977 1188 4062 faciae
1211 3982 1244 4042 et
1267 3978 1332 4043 993

209 4087 254 4150 At
289 4084 372 4151 enim
406 4086 443 4151 e'd
468 4087 551 4173 quod
573 4095 600 4151 te
623 4086 709 4151 iudeo
731 4087 844 4168 facias.
892 4085 955 4152 Sed
980 4087 1076 4151 nexui
1102 4085 1333 4150 sententiarum

211 4194 291 4258 bene
316 4193 475 4258 consuluit
497 4191 670 4278 Ussingius
694 4195 773 4258 duce
798 4193 976 4265 Bitschelio
999 4194 1152 4265 inducens
1169 4194 1266 4257 verba
1282 4192 1333 4282 [ut

208 4300 291 4388 quoe
313 4298 401 4365 aaa
422 4299 553 4390 facea.
