3076 5190
692 567 883 632 -150-

337 745 441 821 Quare
466 769 527 810 non
551 769 590 811 ex
614 744 673 810 hoo
697 745 844 828 exemplo
868 745 1013 810 oonoludi
1031 745 1110 808 lieet
1125 745 1230 809 latius
1252 749 1355 829 patere

230 853 489 918 assimilationem
523 854 687 916 modorum
713 853 796 936 apud
820 852 992 916 voluntatis
1016 852 1263 917 coniunctirum
1287 854 1354 916 suli

229 960 371 1024 iunctum
400 981 494 1042 quam
520 960 604 1043 apud
628 959 818 1023 absolutum.
865 956 949 1022 Nam
974 962 1011 1023 ut
1032 958 1101 1022 illio
1126 959 1271 1023 vidimus
1295 982 1355 1022 mo·

230 1067 284 1130 dos
320 1089 381 1130 non
417 1066 597 1140 assimilari,
632 1066 687 1130 ubi
722 1071 865 1148 tempora
896 1066 1060 1149 utriusque
1086 1065 1275 1129 sententiae
1299 1086 1354 1128 non

229 1176 444 1256 congruerent
466 1175 510 1251 (si
533 1171 604 1256 quis
624 1171 764 1255 perdidit
792 1208 829 1216 —
854 1173 982 1250 veniat),
1013 1172 1058 1235 ita
1082 1194 1124 1236 ne
1148 1171 1207 1235 hio
1232 1172 1353 1256 quidem

227 1278 400 1363 perdiderit
424 1302 463 1343 ex
482 1278 624 1363 perdidit
639 1279 715 1343 oriri
732 1280 873 1362 potuisse
890 1278 994 1355 oredo,
1011 1278 1089 1342 licet
1104 1280 1210 1344 verbo
1232 1277 1354 1363 είφηαὸο

229 1386 377 1469 periodus
401 1386 458 1450 illa
481 1387 703 1470 subiungatur.

337 1507 381 1574 b4.
430 1511 558 1594 Anceps
582 1511 669 1574 verbi
695 1511 817 1593 speeies
842 1512 890 1573 est
914 1493 946 1573 in
969 1507 1057 1574 Trin.
1085 1510 1149 1574 157
1177 1510 1245 1592 (cfr
1264 1508 1353 1573 Poen.

231 1617 339 1700 1085),
366 1616 416 1682 Ps.
441 1618 505 1682 533
529 1617 593 1696 (ofr
616 1616 709 1680 Most.
735 1617 825 1697 434).

335 1797 365 1860 2.
424 1792 696 1859 Universales
749 1794 814 1857 rel
859 1793 1063 1857 infinitae
1111 1794 1354 1858 sententiae

228 1902 445 1966 relativae.

334 2067 362 2108 a.
410 2042 651 2107 Praesentis
675 2042 894 2110 coniunctivae
918 2045 976 2105 est.
1065 2047 1069 2053 '

333 2176 397 2242 Ubi
433 2178 679 2240 adfuturum
702 2180 828 2259 ternpus
853 2178 987 2257 utraque
1010 2175 1172 2238 sententia
1201 2177 1351 2259 pertinet,

227 2286 278 2348 lex
303 2289 360 2358 est.
385 2287 420 2349 ut
444 2283 662 2348 coniunctivae
687 2287 871 2365 usurpetur3
896 2304 936 2345 ex
954 2302 1018 2365 qua
1033 2281 1106 2364 lege
1124 2282 1269 2347 modalia
1286 2286 1351 2346 tan·

226 2394 294 2454 tum
329 2392 428 2455 verba
463 2390 651 2473 excipienda
685 2392 769 2453 sunt.
817 2388 916 2453 Paulo
950 2388 1082 2452 liberior
1109 2392 1159 2452 est
1183 2391 1351 2454 modorum

226 2519 310 2574 usus,
335 2498 389 2561 ubi
425 2499 464 2561 ad
500 2517 698 2580 praesens
726 2501 852 2578 tempus
875 2496 1001 2559 infinita
1024 2494 1076 2559 vel
1098 2495 1257 2560 iterativa
1280 2518 1349 2560 sen·

225 2604 327 2669 tentia
350 2605 432 2668 siout
455 2605 537 2668 coni.
563 2624 679 2687 regens
703 2604 850 2667 refertur.

333 2711 481 2775 Relativa
509 2711 668 2774 sententia
692 2710 731 2773 in
749 2709 903 2793 exemplis
927 2709 1022 2794 longe
1045 2708 1193 2791 plurimis
1220 2715 1279 2774 aut
1302 2733 1350 2773 ro-

225 2819 313 2901 ganti
349 2817 526 2881 sententiae
561 2817 729 2880 interiecta
764 2819 813 2881 est
847 2818 903 2880 aut
929 2838 1000 2880 eam
1023 2815 1187 2898 sequitur;
1228 2817 1278 2881 bis
1301 2817 1351 2881 vel

224 2926 274 2987 ter
297 2924 380 2988 inter
403 2924 587 3007 primariam
612 2927 644 2986 et
668 2926 833 3006 regentem
857 2925 937 2986 sent.
962 2921 1142 2985 intercedit.

332 3066 370 3129 a¹.
417 3065 557 3150 Regenti
581 3065 758 3129 sententiae
783 3064 952 3128 interiecto
976 3067 1025 3127 est
1048 3063 1184 3127 relativa
1210 3072 1306 3130 sent:

224 3198 298 3262 Aul.
324 3199 398 3262 599.
434 3197 568 3280 †Herite
591 3200 758 3282 imperium
781 3197 905 3274 ediscat,
930 3203 965 3260 ut
999 3197 1101 3281 quod
1132 3197 1228 3279 frons
1252 3198 1351 3263 vetit

546 3305 628 3368 ocuti
650 3306 759 3368 sciant.
807 3302 937 3387 [fronos
960 3324 1039 3367 corr.
1064 3298 1123 3386 13⁸]

224 3409 340 3475 Baooh.
365 3412 429 3475 353
453 3434 482 3474 v.
507 3436 537 3494 p.
565 3412 637 3475 155.

224 3515 293 3580 Cas.
319 3517 393 3582 252.
433 3519 498 3580 idm
522 3516 669 3581 dommsti
693 3516 844 3598 anienem,
866 3518 972 3602 potius
996 3525 1039 3599 ut,
1063 3518 1160 3602 quod
1183 3517 1236 3582 oir
1262 3523 1352 3589 petit

438 3623 535 3702 Fieri,
561 3624 595 3686 id
616 3623 720 3705 foetos
743 3621 813 3704 (cfr
838 3646 868 3707 p.
894 3624 960 3705 91).

222 3728 307 3794 Men.
334 3729 407 3793 548.
436 3728 524 3792 Haeo
546 3751 593 3792 me
615 3737 800 3794 curaturum
825 3728 919 3793 dicito

443 3835 482 3899 Ut
504 3844 682 3921 quantum
703 3835 852 3920 possint
874 3839 1009 3921 quique
1032 3838 1174 3900 liceant
1207 3851 1350 3907 veneant.

421 3939 562 4026 [possent
585 3943 625 4019 D,
648 3945 745 4026 possit
770 3941 830 4022 ΡΖ,
855 3944 980 4006 veniant
1005 3940 1142 4027 ODFZ]

222 4046 278 4113 cfr
302 4048 392 4132 Gapt.
417 4050 491 4113 448.
524 4049 561 4112 Ut
585 4071 676 4133 quarn
700 4052 840 4133 primum
862 4052 963 4132 possis
987 4050 1103 4113 redeas.

222 4153 340 4237 Amph.
358 4155 433 4220 630.
456 4154 500 4218 Et
523 4175 639 4219 memor
661 4177 729 4219 sum
754 4164 780 4219 et
804 4153 947 4238 diriperis,
973 4164 1006 4219 nt
1039 4177 1136 4241 quoe
1169 4155 1352 4243 imperes

564 4271 770 4346 compereant.
