3076 5190
682 552 849 624 „75-

297 734 326 798 l.
376 735 402 798 si
428 731 477 799 Ill
502 757 637 820 persona
661 739 710 800 est
725 735 846 817 (tamen
863 739 936 820 post
952 732 1145 801 universalia
1167 734 1273 812 verba,
1292 741 1328 801 ut

357 841 474 918 ‘uiuat
498 843 690 908 indicativus
714 842 846 907 liberius
870 844 1001 907 retineri
1025 865 1116 928 posse
1140 842 1295 925 videturl:

319 999 325 1012 .
373 950 400 1013 si
434 946 468 1013 ΙΙ
495 973 631 1034 persona
666 951 780 1014 aientis
816 956 871 1015 aut
895 973 967 1015 vere
1003 951 1230 1049 interrogantis
1260 954 1326 1016 est:

373 1057 421 1120 sin
458 1064 564 1122 autem
594 1058 821 1142 praecipientis
845 1062 902 1136 est,
928 1057 1030 1122 libera
1053 1059 1216 1123 modorum
1240 1059 1328 1143 optio

372 1167 463 1247 patet
489 1164 512 1246 ).

320 1319 326 1333 .
374 1267 408 1334 Si
432 1270 446 1335 Ι
471 1294 608 1356 persona
632 1276 688 1351 est,
714 1273 747 1335 in
773 1270 878 1336 Plauti
903 1294 1048 1336 sermone
1064 1294 1238 1357 numquam
1255 1295 1327 1338 ora·

373 1376 418 1440 tio
441 1377 570 1462 obliqua
595 1378 751 1460 provenit.

320 1531 326 1547 .
374 1482 517 1549 Verbum
549 1485 760 1568 impersonale
784 1485 828 1550 ibi
853 1488 977 1549 tantum
1001 1486 1131 1569 obliqua
1154 1487 1255 1551 oratio
1277 1509 1329 1551 se·

374 1592 493 1674 quitur,
532 1593 586 1656 ubi
622 1614 692 1656 eam
728 1592 905 1675 requireret
944 1592 1119 1675 personalis
1158 1597 1328 1674 structura,

373 1720 454 1782 quae
479 1700 519 1762 ad
543 1699 734 1763 sententiam
759 1698 975 1783 responderet,
1000 1700 1182 1764 substituta,

314 1908 355 1976 ΙΙ,
402 1912 454 1978 Ab
491 1912 551 1976 hac
586 1914 717 1996 obliqua
740 1913 882 1995 oratione
906 1913 1080 1997 diligenter
1104 1913 1329 1999 distinguenda

207 2022 256 2081 est
279 2018 402 2102 reliqua
434 2019 659 2084 subiuncta
692 2020 836 2085 oratio.

313 2122 398 2187 Nam
433 2128 524 2190 extra
559 2148 613 2190 eos
648 2126 738 2206 fines,
762 2148 840 2210 quos
875 2127 938 2190 iam
972 2126 1220 2212 designavimus,
1253 2128 1274 2192 i.
1300 2151 1327 2193 e.

207 2230 234 2294 si
257 2231 328 2314 quis
352 2252 390 2294 ea
414 2232 583 2316 eloquitur,
607 2255 689 2316 quae
713 2233 781 2317 ipsc
805 2233 869 2296 iarn
893 2234 999 2311 sentit,
1034 2234 1328 2312 coniunctivus

206 2337 240 2400 in
263 2337 433 2403 subiuncta
456 2339 598 2403 oratione
622 2361 685 2404 non
710 2339 851 2403 exoritur
873 2340 934 2403 nisi
958 2340 990 2403 in
1013 2341 1328 2406 universalibus

206 2443 369 2526 (infinitis)
393 2446 560 2509 sententiis
585 2447 790 2518 secundariis,
814 2469 896 2530 quae
920 2446 1070 2510 infinitivi
1096 2447 1253 2512 notionem
1273 2469 1328 2511 ex·

207 2550 306 2634 pient,
342 2552 381 2616 ad
417 2552 560 2617 futurum
584 2558 710 2637 tempus
738 2575 865 2637 semper
888 2557 1079 2637 spectantes,
1104 2554 1130 2617 si
1155 2576 1218 2618 non
1241 2555 1327 2619 intra

208 2657 349 2722 infinitas
383 2659 531 2743 periodos
555 2664 638 2724 sunt.

315 2763 397 2840 Quin
432 2766 465 2829 in
497 2764 603 2831 Plauti
627 2788 772 2830 sermone
798 2767 837 2830 ad
861 2768 1004 2831 futurum
1029 2770 1154 2850 tempus
1177 2768 1331 2850 quodam·
1378 2800 1382 2807 =

209 2872 300 2935 modo
336 2873 443 2936 omnia
478 2873 625 2958 exempla
652 2877 807 2958 spectant,
833 2874 1005 2956 inquibus
1031 2877 1157 2956 praeter
1181 2874 1331 2938 subiunc-

207 2979 327 3042 tionem
352 2979 440 3043 nulla
472 2980 666 3044 coniunctivi
689 2980 773 3044 ratio
797 2980 920 3064 percipi
944 2983 1058 3063 potest.
1105 2976 1190 3043 Nam
1214 2981 1241 3044 si
1266 3003 1330 3045 non

208 3084 279 3167 ipsa
310 3087 471 3150 sententia
505 3088 694 3151 secundaria
718 3087 817 3151 futuri
841 3086 995 3170 temporis
1019 3089 1076 3160 est,
1101 3086 1134 3150 in
1158 3088 1257 3151 verbo
1281 3110 1331 3151 re·

208 3192 298 3275 genti
334 3191 442 3276 aliqua
476 3193 649 3258 voluntatis
673 3194 759 3258 notio
784 3200 841 3270 est,
867 3214 949 3276 quae
974 3193 1012 3255 ad
1037 3193 1180 3257 futurum
1203 3197 1331 3275 tempus

208 3300 308 3362 totam
344 3300 509 3382 periodum
542 3301 652 3365 refert.
678 3337 719 3345 -
745 3299 888 3383 Simplici
913 3300 999 3363 enim
1022 3298 1148 3362 dicendi
1172 3301 1269 3364 verbo
1293 3322 1332 3363 ex

208 3405 354 3471 omnibus
368 3427 448 3471 unus
463 3408 682 3472 tantummodo
695 3406 915 3471 coniunctivus
931 3406 1136 3490 subiungitur
1148 3405 1230 3483 (Mil.
1245 3406 1331 3470 1414

316 3653 337 3721 ι)
363 3656 496 3709 Forsitan
526 3657 571 3708 cni
600 3672 702 3722 pamm
730 3656 830 3709 videar
858 3656 928 3707 mihi
957 3659 1099 3721 constare,
1129 3655 1205 3720 quod
1235 3671 1332 3708 neces-

209 3745 285 3798 sario
312 3744 429 3811 quidem
448 3745 510 3797 dixi
530 3744 746 3798 coniunctivum
766 3745 914 3810 obliquum
933 3744 1049 3813 requiri,
1069 3744 1120 3796 sed
1140 3747 1206 3810 post
1225 3745 1254 3797 11
1272 3760 1332 3811 per·

209 3850 298 3887 sonae
326 3834 447 3889 verbum
474 3834 615 3887 iussivum
643 3833 770 3886 concedo
789 3833 908 3887 liberam
928 3833 1078 3899 optionem
1101 3837 1208 3898 patere.
1246 3835 1333 3887 Hunc

209 3927 305 3976 autem
334 3919 484 3978 indicativi
512 3939 596 3975 usum
626 3922 790 3975 liberiorem
819 3922 886 3974 inde
914 3922 1041 3975 vidimus
1070 3922 1179 3988 venire,
1208 3923 1284 3988 qnod
1303 3924 1333 3976 Π

209 4028 351 4080 personae
379 4013 469 4066 verbo
488 4013 598 4065 iussivo
618 4028 677 4064 non
696 4013 787 4065 oratio
807 4013 870 4064 eius
890 4012 938 4077 qui
957 4011 1120 4077 appellatur
1139 4011 1333 4079 subiungitur,

210 4103 261 4154 sed
289 4102 379 4156 verba
406 4102 469 4154 eius
495 4102 587 4168 ipsius
607 4102 655 4167 qui
675 4101 809 4166 loquitur.
848 4101 984 4152 Attamen
1004 4099 1152 4165 obliquum
1172 4101 1250 4152 hunc
1270 4117 1334 4153 con·

209 4191 371 4244 iunctivum
399 4191 424 4243 si
452 4190 568 4256 quando
597 4190 682 4242 nobis
710 4191 835 4242 occurrit
862 4191 924 4241 inre
953 4189 1024 4240 mihi
1044 4188 1144 4241 videor
1162 4189 1333 4255 appellasse,

209 4281 278 4346 quia
296 4281 384 4333 etiam
402 4280 434 4332 in
454 4280 540 4332 certis
559 4279 646 4333 rebus
667 4283 830 4346 usurpatur.
