3076 5190
665 561 863 629 ..ιω-

271 832 310 916 ἕὲ
334 834 364 898 2.
412 830 481 896 Rei
504 833 676 925 sumptae
700 829 805 893 notio
828 830 982 914 regenti
1006 830 1255 894 coniunctivo

668 936 865 1001 adhaeret

314 1118 341 1179 l.
389 1114 610 1179 Relativae
634 1113 821 1177 sententiae.

312 1247 348 1312 In
373 1248 554 1312 definita
585 1247 743 1311 sententia
766 1247 902 1311 relativa
925 1248 1118 1312 indicativus
1143 1249 1320 1332 requiritur,
1353 1326 1358 1335 ¹

205 1358 231 1419 si
267 1357 298 1419 in
335 1377 416 1419 nexu
452 1354 681 1418 sententiarum
706 1354 793 1418 nulla
816 1357 865 1417 est
889 1354 1091 1419 adversativa
1115 1356 1174 1431 vis,
1201 1356 1221 1419 i.
1247 1378 1273 1419 e.
1296 1356 1320 1418 si

206 1462 400 1546 explicativa
424 1465 473 1525 est

206 1583 276 1650 Oas.
301 1586 377 1651 309.
426 1586 496 1650 Ureo
521 1622 560 1631 —
586 1607 679 1669 opero
706 1621 746 1630 -
770 1584 893 1649 condito

278 1694 373 1756 -11,
417 1693 500 1773 Ere,
536 1714 598 1777 qao
632 1691 742 1756 istuc
777 1713 871 1776 opero
906 1715 926 1755 o
958 1713 1005 1756 me
1045 1691 1195 1777 impetres
1230 1693 1325 1777 qood

521 1800 719 1883 postulas.
763 1797 873 1882 [quem
897 1798 992 1862 istem
1015 1799 1102 1878 libri,
1127 1821 1208 1864 corr.
1235 1796 1324 1883 Brix]

205 1905 298 1969 Most.
319 1907 393 1970 433.
427 1906 539 1969 Verum
561 1904 590 1969 se'
609 1906 738 1989 posthoc
756 1942 796 1952 -
814 1902 944 1990 S<e>ies
961 1942 1000 1950 -
1018 1906 1084 1969 hoe
1099 1915 1236 1985 coesset,
1257 1905 1324 1969 ilico

422 2013 512 2093 Quod
534 2034 618 2076 rruroe
640 2012 766 2076 coluisti
786 2012 892 2094 fecere
914 2011 992 2096 quin
1014 2011 1121 2094 faetus
1146 2012 1235 2077 mihi.

537 2117 640 2203 [illico
663 2127 715 2198 est,
739 2120 813 2183 trai.
838 2116 990 2203 Scriver]

205 2224 287 2290 Rud.
304 2226 399 2291 1397.
419 2227 457 2289 de
479 2227 594 2289 talento
617 2227 707 2289 nollo
730 2233 855 2290 eousest
878 2227 954 2310 quio
976 2224 1076 2307 jeros,

421 2332 510 2411 Quod
531 2331 587 2396 isti
609 2354 679 2396 sum
701 2335 838 2396 iuratus.

207 2437 278 2503 Cas.
303 2439 377 2504 239.
417 2438 471 2502 oie
494 2447 597 2503 teneor
619 2438 695 2524 quin
719 2460 797 2524 quoe
820 2439 924 2503 decent
947 2446 975 2503 te
1000 2437 1113 2503 dream.

205 2543 294 2611 Trin.
320 2546 394 2610 641.
418 2545 549 2610 retineri
571 2568 684 2631 nequeo
707 2544 784 2631 quire
808 2547 910 2609 dicem
933 2567 969 2609 eo
992 2567 1072 2630 quoe
1090 2567 1263 2630 promeres.

207 2652 305 2717 Persa
329 2653 470 2731 ola-3,
494 2652 555 2736 Ep.
582 2653 655 2718 171.

313 2785 412 2851 Recte
436 2787 531 2850 credo
554 2784 739 2870 Scioppium
763 2787 970 2850 indicativum
995 2786 1172 2869 complesse
1195 2787 1231 2850 in

207 2908 277 2974 Mil.
301 2910 376 2975 962.
430 2910 514 2973 rao.-
547 2931 637 2994 epone
672 2918 707 2974 ut
742 2911 785 2974 od
815 2910 905 2973 teob
928 2909 1074 2973 libertino
1097 2930 1161 2973 esse
1184 2910 1327 2974 auderem

525 3015 752 3096 irdoenurrtr'us,

421 3121 483 3202 Qui
519 3122 661 3206 inpensis
694 3122 773 3187 sotis
807 3121 1038 3207 responsoreffl]
1065 3143 1209 3207 nequeas
1234 3142 1328 3208 quoe

526 3227 729 3315 eupi<on>t
752 3229 825 3294 toi?
847 3228 948 3314 [eupit
962 3227 1014 3293 uti
1028 3227 1096 3308 OD,
1109 3228 1211 3313 eapite
1224 3226 1278 3292 uti
1287 3226 1327 3311 B]

207 3356 279 3398 cum
314 3357 416 3419 neque
451 3337 652 3401 adversativa
682 3337 730 3401 vis
754 3336 806 3400 hie
830 3339 1013 3420 compareat
1037 3339 1069 3399 et
1092 3336 1327 3401 substantivum

207 3443 350 3525 inpensis
373 3443 560 3526 explicetur.
607 3440 664 3507 cfr
687 3442 758 3508 Cas.
784 3442 848 3506 618
873 3466 903 3527 p.
931 3443 1004 3507 137.

313 3573 350 3639 In
374 3576 573 3641 adversative
596 3598 680 3641 nexu
699 3576 890 3640 indicativus
907 3598 979 3641 raro
995 3575 1086 3641 nobis
1102 3575 1255 3655 occurrit,
1277 3573 1328 3640 ubi

207 3680 291 3745 idem
315 3686 364 3745 est
385 3683 550 3765 utriusque
574 3683 752 3746 sententiaa
776 3682 974 3747 subiectum:

314 3815 439 3898 regenti
462 3815 639 3879 sententiae
664 3816 859 3899 praecedens
881 3815 915 3879 in

207 3934 284 4003 cist.
310 3939 385 4003 653.
419 3938 554 4002 Nullam
580 3975 618 3984 -
643 3938 744 4023 mopis
768 3959 866 4002 onum
888 3935 1125 4002 ammedera

424 4044 526 4128 Quom
559 4044 651 4109 illaec
686 4053 750 4109 est:
784 4067 883 4131 quoe
917 4045 1037 4109 dudum
1068 4045 1231 4126 fassust
1256 4041 1329 4108 miei

525 4173 642 4237 quaene
664 4150 787 4232 infitias
811 4151 883 4215 eet?

495 4254 622 4347 [fossos
645 4265 688 4322 est
711 4257 769 4328 ΒΕ
792 4262 866 4323 ante
890 4280 962 4337 ras,
987 4255 1047 4349 V.]
