3076 5190
681 569 857 633 -87-

209 744 487 811 Trin.1142.eneo
511 747 656 831 netteyotu
679 749 760 810 venit
782 749 839 826 (=
854 747 1086 832 adteqmnrnm)

427 876 483 916 -:
506 860 540 916 nt
561 851 649 935 fitius

426 959 518 1041 Tuos,
542 960 701 1045 quondo
736 961 785 1023 uu
819 981 839 1023 o
869 982 916 1024 me
938 961 1087 1043 eicerem,
1111 964 1328 1028 concultatum

529 1067 564 1130 id
586 1089 642 1151 ops
665 1074 693 1131 te
715 1067 859 1132 crederet.

209 1173 305 1238 Most.
331 1173 382 1237 88.
423 1173 504 1236 Itum
529 1193 594 1237 rem
617 1174 753 1238 uolutaui
776 1180 803 1236 et
826 1174 1073 1258 titutionem,

310 1281 382 1345 -9.
424 1279 589 1344 Hominem
613 1283 725 1365 quotue
747 1283 795 1344 rei
817 1281 976 1366 quondo
999 1288 1120 1345 natue
1145 1279 1291 1366 (essem,

423 1387 562 1451 Similem
587 1408 649 1451 eece
673 1386 856 1451 arbitrarer.

317 1517 383 1583 Iam
420 1540 452 1601 p.
481 1519 524 1583 38
549 1517 613 1582 dixi
639 1519 836 1582 correctione
860 1518 977 1585 Leonis
1001 1543 1061 1585 non
1086 1522 1190 1586 minus
1214 1544 1231 1586 e
1255 1545 1328 1608 syu-

210 1627 328 1690 tactica
351 1649 446 1710 quam
472 1648 489 1690 e
513 1625 646 1689 metrica
670 1626 793 1689 ratione
817 1648 896 1710 opus
920 1649 997 1692 esse.

316 1759 346 1823 4.
395 1757 619 1842 (temperativa
641 1762 722 1824 sent.

210 1893 283 1957 Aul.
310 1893 361 1958 16.
422 1892 514 1976 Coepi
537 1893 705 1972 obscenam,
731 1896 818 1979 ecqui
840 1897 988 1960 maiorem
1011 1895 1100 1977 fitius

422 1998 510 2063 Mem
543 2000 689 2063 honorem
723 2000 855 2081 haberet,
892 2023 1007 2087 quom
1034 2005 1101 2067 cine
1123 2004 1330 2070 habuisset

526 2115 627 2191 peter.

314 2294 351 2360 B.
398 2295 601 2358 Indieetivus
636 2297 685 2358 est
719 2295 751 2358 in
787 2295 837 2359 his
870 2296 1013 2362 relativis
1036 2298 1203 2362 sententiis
1227 2299 1329 2383 expli-

208 2401 338 2467 catinis:

209 2535 278 2600 Mil.
307 2535 379 2600 131.
422 2534 506 2599 Dedi
531 2571 589 2615 —,
615 2537 670 2621 qm'
693 2536 848 2601 edilium
871 2537 993 2620 deferat

421 2641 526 2706 Meum
550 2663 638 2706 erum
662 2645 730 2729 qui
753 2644 885 2708 Attente
907 2644 1045 2725 fuerat
1069 2649 1129 2710 etc.

305 2750 379 2814 949.
423 2749 526 2829 (miei)
567 2749 607 2813 Ut
641 2750 776 2814 latrones
799 2772 895 2836 quoe
917 2752 1093 2816 conduci
1116 2751 1189 2816 tine
1211 2754 1255 2818 ud
1277 2754 1332 2819 Se·

529 2856 651 2920 leucum
673 2855 804 2942 ducere<
823 2854 851 2939 >.

208 2964 278 3029 (ios.
304 2964 379 3029 932.
422 2999 460 3009 —-
486 2984 640 3046 exeo-,

428 3069 467 3134 Ut
489 3090 582 3133 senen
603 3070 658 3133 toc
679 3071 779 3134 codem
800 3072 1008 3157 poculoque
1031 3093 1083 3157 eye
1106 3071 1189 3136 tibi
1211 3072 1331 3138 biberet.

208 3177 306 3246 Mero.
320 3178 396 3242 230.
424 3177 464 3240 m·
485 3198 523 3241 ne
546 3184 674 3255 noceret,
699 3198 814 3261 quam
845 3178 929 3242 dmnt
951 3187 1023 3243 onte
1046 3178 1170 3243 hebui
1191 3201 1331 3264 connum,

422 3320 464 3331 —
488 3284 574 3348 ciens
596 3305 666 3347 eum
690 3288 752 3348 etc.

208 3389 260 3456 Ps.
286 3391 339 3455 72.
424 3388 514 3454 Haec
536 3410 636 3475 quoe
658 3411 725 3474 eqo
747 3392 850 3454 eciei
872 3398 907 3454 ut
930 3394 1025 3456 sciren
1048 3395 1159 3457 curcei
1181 3394 1296 3459 onnia.

597 3494 721 3581 [θάνω
745 3498 786 3577 Α,
810 3498 886 3561 ecibi
908 3496 951 3582 P]

208 3631 265 3696 cfr
288 3631 369 3694 coni.
394 3629 458 3695 obl.
483 3630 583 3697 Mero.
609 3632 672 3696 152
708 3635 770 3712 (me
805 3632 895 3716 rupi)
935 3632 975 3695 Ut
1008 3653 1087 3718 quoe
1121 3635 1231 3697 scirem
1255 3637 1334 3698 scire

208 3745 346 3802 actutum
371 3736 427 3802 uei
451 3739 564 3801 liceret.
612 3737 656 3802 Et
679 3760 719 3802 ex
742 3737 792 3802 his
816 3740 939 3804 duobus
964 3740 1119 3823 exemplis
1141 3742 1333 3823 comparatis

207 3849 241 3908 et
275 3867 314 3908 ex
349 3845 414 3909 illis
449 3865 530 3927 quae
567 3868 598 3929 p.
624 3845 666 3910 83
691 3845 829 3911 contuli:
863 3844 956 3912 cure.
981 3846 1046 3910 425
1071 3850 1104 3910 et
1125 3845 1242 3911 Bacch.
1268 3848 1333 3913 788

208 3954 354 4035 apparet,
390 3951 566 4016 indicativo
600 3951 768 4036 indulgere
804 3952 1041 4018 collocationem
1068 3952 1332 4030 enuntiationum,

209 4059 263 4123 ubi
288 4080 348 4144 per
370 4059 562 4123 sententiam
587 4062 757 4143 utrumque
781 4060 910 4124 modum
933 4059 1030 4124 liceat
1045 4059 1208 4126 adhibere.
1248 4058 1332 4125 Nem

208 4169 242 4229 ct
276 4165 310 4230 in
340 4164 392 4230 Pe.
418 4166 459 4230 72
484 4165 572 4230 etin
598 4164 689 4232 Cure.
714 4166 779 4230 425
804 4189 823 4230 a
847 4167 981 4231 relativa
1004 4166 1162 4230 sententia
1185 4167 1333 4251 periodus

207 4273 331 4358 incipit.
