3076 5190
691 575 865 639 -99-

211 771 274 814 non
297 750 368 813 ideo
395 754 516 814 certum
541 757 589 814 est
613 753 848 816 coniunctivum
873 754 1010 835 protasis
1035 776 1102 817 esse
1123 754 1334 818 assimilatum

212 861 244 919 et
267 880 329 921 non
353 858 612 922 condicionalem.
660 856 744 922 Nam
768 859 893 922 irrealis
917 861 1073 943 quaedam
1097 861 1145 924 vis
1171 860 1267 924 etiam
1289 861 1335 925 sic

212 964 245 1026 in
269 964 478 1031 condicionali
502 966 677 1031 sententia:
713 964 742 1029 si
765 987 890 1051 aequom
920 965 1026 1048 facias
1049 968 1182 1047 (=non
1206 988 1334 1052 aequom

209 1069 308 1152 facis)
344 1077 401 1135 est.
449 1067 487 1133 In
521 1072 581 1136 hac
617 1073 718 1156 igitur
752 1072 911 1137 locutione
947 1074 988 1149 (si
1022 1073 1130 1156 sapias
1161 1079 1236 1150 etc.)
1261 1096 1335 1138 con·

211 1177 370 1241 inactivus
405 1178 541 1242 iussivus
566 1182 598 1242 et
622 1181 703 1244 coni.
729 1179 954 1244 condicionalis
978 1181 1057 1245 adeo
1080 1180 1275 1258 coaluerunt,
1300 1186 1335 1245 ut

212 1283 348 1348 discerni
374 1289 552 1368 nequeant3
576 1309 675 1370 quare
700 1309 760 1351 non
786 1309 951 1371 possumus
976 1288 1163 1368 diiudicare,
1181 1292 1335 1371 quantum

212 1391 431 1457 assimilationi
456 1393 660 1461 tribuendum
685 1394 736 1457 sit.

317 1675 379 1740 Sed
415 1700 453 1741 ne
489 1679 522 1741 in
558 1679 673 1742 ceteris
708 1680 836 1763 quidem
872 1702 954 1762 quae
979 1679 1072 1743 attuli
1097 1680 1252 1763 exemplis
1276 1703 1334 1764 pro

210 1786 297 1846 certo
331 1783 407 1847 licet
441 1788 581 1849 statuere
616 1807 655 1848 ex
688 1786 851 1850 modorum
889 1785 1118 1850 assimilatione
1156 1787 1335 1851 coniuncti-

210 1912 283 1952 vum
308 1891 425 1974 ubique
451 1893 628 1975 profectum
653 1914 731 1965 esse,
756 1893 782 1955 si
806 1893 993 1977 cogitamus,
1018 1893 1051 1955 in
1069 1893 1177 1956 multis
1194 1894 1334 1977 periodis

209 1996 479 2063 condicionalibus
516 2000 751 2063 coniunctivum
787 2000 959 2063 futuralem
995 1999 1085 2063 nobis
1109 2021 1275 2064 occurrere
1299 2001 1332 2064 in

211 2105 330 2184 protasi
356 2109 428 2187 post
451 2104 480 2168 si
493 2105 577 2169 =si
598 2106 690 2188 forte,
715 2107 747 2169 in
772 2107 901 2189 apodosi
926 2106 1134 2170 indicativum
1151 2111 1183 2170 et
1206 2107 1334 2190 quidem

317 2239 504 2320 saepissime
528 2240 628 2303 futuri
653 2244 689 2303 ut

211 2342 266 2408 As,
292 2345 367 2410 699.
430 2345 523 2410 Vates
555 2348 608 2423 pot
644 2345 733 2409 todie
767 2367 824 2423 me,
855 2345 1054 2432 siquidem
1087 2347 1141 2411 hoc
1171 2355 1332 2431 arpentum

531 2453 616 2534 ferre
638 2474 785 2537 speres.

316 2598 423 2660 speras
457 2577 594 2640 Mueller
629 2576 712 2642 Add.
742 2578 781 2641 ad
818 2577 906 2642 Pras.
940 2577 1042 2642 Plaut.
1079 2601 1111 2662 p.
1149 2579 1223 2658 121,
1268 2585 1332 2644 Leo

210 2687 315 2746 autem
340 2687 436 2748 recte:
466 2705 586 2767 „speres
608 2706 671 2748 non
691 2705 806 2767 speras,
825 2685 981 2749 incertum
999 2708 1040 2749 an
1056 2708 1185 2769 sperare
1202 2687 1332 2750 liceat‘.

210 2809 305 2874 Most.
330 2809 383 2873 56.
423 2808 479 2872 Ita
503 2816 530 2872 te
551 2809 702 2891 forabunt
722 2810 934 2892 patibulatum
957 2832 1012 2894 per
1036 2809 1103 2873 cias

400 2913 580 2997 †Stimutis‚
605 2918 640 2979 si
663 2916 722 2979 leuc
745 2915 931 2981 reveniat
954 2937 1055 2981 scaea.

210 3022 281 3087 Cas.
305 3023 447 3100 335-7,
472 3022 570 3087 Mero.
597 3023 738 3088 650-1.
779 3023 828 3087 cfr
851 3046 947 3108 supra
971 3022 1047 3089 Aul.
1066 3024 1138 3089 100.
1163 3022 1192 3087 si
1216 3022 1334 3104 ueniat·

316 3157 420 3221 rarius
444 3157 622 3240 praesentis
646 3162 682 3220 ut

209 3280 307 3344 Mero.
322 3281 396 3346 430.
423 3281 468 3344 At
502 3302 554 3364 epo
588 3280 617 3344 si
651 3279 778 3362 actim,
803 3279 868 3344 iarn
892 3281 1010 3344 dantur
1033 3288 1144 3365 septem
1168 3290 1196 3345 et
1218 3280 1332 3366 aipinti

530 3406 643 3450 minae.

209 3493 291 3558 Rud.
319 3494 414 3557 1021.

315 3617 477 3681 rarissime
500 3617 728 3701 imperativus:

208 3722 387 3807 Menprol.
401 3723 454 3788 51.
476 3722 618 3808 Siquis
641 3722 719 3808 quid
740 3731 879 3786 oestrum
903 3720 1081 3806 Epidamni
1105 3722 1217 3786 curari
1239 3722 1301 3788 sibi

378 3896 385 3910 ,
483 3829 599 3909 Velit,
624 3831 774 3895 audacter
797 3828 953 3914 imperato
973 3838 1000 3893 et
1024 3827 1128 3893 dicito.

209 3937 256 4001 cfr
279 3918 378 4021 supra
401 3936 458 4002 As.
484 3936 548 4001 766
573 3938 744 4017 comburas,
768 3935 798 4000 si
821 3936 906 4001 actis.

209 4062 264 4126 As.
289 4061 365 4126 445.
422 4061 503 4125 Hem
527 4062 614 4125 non?
634 4059 668 4125 si
696 4061 788 4126 uelis
810 4061 860 4139 da,
895 4061 1054 4125 commoda
1076 4060 1195 4124 homini
1219 4061 1330 4136 arnico,

208 4168 288 4233 Cum
311 4159 371 4233 hoc
395 4167 541 4251 exemplo
564 4166 659 4250 plane
684 4166 843 4230 consentit
866 4165 898 4228 id
923 4166 1007 4248 quod
1032 4187 1129 4248 supra
1153 4167 1246 4230 attuli

207 4274 292 4340 Rud.
316 4275 392 4340 834.
421 4273 577 4357 [Habeas
604 4272 742 4339 sinetis.
