3076 5190
723 1292 796 1380 sc.

310 1453 389 1521 Res'
410 1471 587 1520 summae
610 1456 650 1521 in
672 1456 785 1522 brevi
808 1461 1025 1542 conspectu
1047 1458 1219 1541 positae.

311 1616 494 1682 Plautinum
529 1639 706 1682 sermonem
742 1619 960 1683 examinantes
995 1620 1176 1684 studuimus
1205 1642 1333 1699 eruere,

205 1748 268 1811 qua
303 1725 425 1789 ratione
461 1725 641 1788 afficeretur
675 1725 707 1789 in
749 1725 917 1789 subiuncta
957 1727 1097 1790 oratioue
1133 1727 1334 1794 indicativus

205 1832 411 1897 secundariae
435 1832 621 1909 sententiae,
647 1854 718 1896 cum
738 1833 772 1896 iu
788 1832 982 1898 infinitivum
997 1833 1151 1898 transiret
1166 1836 1334 1899 sententia

204 1939 368 2023 primaria.
408 1970 411 1975 ·

312 2045 525 2129 Repperimus
550 2047 611 2109 duo
635 2046 852 2129 exemplorum
877 2068 997 2130 genera
1021 2068 1089 2110 esse
1111 2047 1331 2133 seiungenda:

312 2151 337 2216 I.
384 2151 554 2237 Obliquum
579 2152 755 2216 orationem
779 2157 812 2216 et

313 2256 355 2323 II.
403 2258 549 2323 Ceteram
573 2282 619 2323 or.
644 2260 855 2325 subiunctam.
927 2246 931 2251 ¹

313 2416 339 2483 Ι.
387 2417 603 2503 Obliquam
640 2421 816 2483 orationem
853 2419 1024 2484 secuudum
1059 2420 1264 2506 Madvigium
1300 2426 1333 2487 et

207 2525 386 2590 Zanderum
423 2527 622 2610 appellamus
646 2549 727 2606 eam,
751 2527 783 2590 in
808 2549 871 2610 qua
897 2527 993 2591 verba
1018 2530 1050 2591 et
1073 2527 1255 2593 sentcntiae
1281 2550 1331 2592 re-

208 2634 362 2706 seruntur,
388 2655 469 2716 quae
493 2633 630 2697 aliena
654 2639 727 2697 sunt
752 2635 791 2698 ab
815 2655 853 2696 eo
874 2634 928 2716 qui
944 2634 1095 2717 loquitur,
1111 2634 1179 2699 sive
1196 2635 1330 2699 alterius

210 2762 363 2823 personae
387 2748 469 2815 suut,
505 2741 572 2804 sive
597 2763 615 2803 a
638 2744 781 2824 tempore
804 2742 929 2803 tantum
954 2740 1113 2824 loquentis
1137 2741 1254 2822 aliena,
1280 2742 1330 2806 vel

209 2853 244 2910 ut
267 2845 422 2932 Madvigii
448 2847 554 2911 verbis
577 2845 622 2930 (p.
648 2846 681 2928 4)
705 2850 835 2930 paulum
860 2847 989 2910 mutatis
1013 2850 1099 2912 utar:
1130 2849 1264 2927 ,scaen
1294 2888 1324 2898 -

210 2953 327 3018 welche
363 2954 434 3018 eine
471 2937 658 3037 ilusserung
681 2953 757 3018 oder
780 2952 990 3037 Vorstellung
1021 2952 1185 3018 euthalten
1217 2994 1248 3003 -
1279 2955 1329 3018 die

209 3060 298 3125 nicht
322 3062 377 3124 der
401 3060 551 3125 Redende
575 3059 674 3125 selbst
698 3060 744 3124 als
768 3060 855 3124 seine
876 3061 997 3145 jetzige
1021 3059 1235 3144 ausspricbt‘.

315 3164 406 3231 Intra
441 3167 523 3230 banc
558 3167 734 3231 orationem
769 3167 1078 3232 coniunctivum
1114 3167 1328 3252 obliquum

210 3276 385 3358 reperimus
420 3275 659 3339 necessario
696 3273 815 3357 requiri
851 3275 892 3358 in
917 3275 1064 3338 omnibus
1087 3275 1255 3338 sententiis
1279 3296 1328 3338 se·

210 3381 379 3461 cundariis,
403 3403 484 3465 quae
509 3403 542 3444 re
566 3403 642 3445 vera
666 3382 704 3445 ad
730 3381 798 3445 eius
821 3384 960 3444 ruentem
985 3381 1178 3461 referuntur,
1202 3382 1327 3465 dequo

210 3488 388 3553 enuntiatio
412 3510 527 3573 regens
551 3488 765 3572 praedicatur,
787 3489 874 3551 sive
899 3511 962 3552 res
987 3493 1124 3551 certas
1152 3489 1240 3553 sive
1264 3510 1328 3552 res

211 3597 422 3680 cogitatas
455 3595 647 3679 significant,
673 3617 744 3659 cum
768 3595 959 3659 indicativus
983 3595 1015 3657 in
1040 3595 1085 3658 eis
1109 3597 1243 3681 tantum?
1258 3617 1327 3659 sen·

210 3703 320 3767 tentiis
355 3707 535 3786 usurpetur,
572 3725 651 3785 quas
686 3703 712 3765 is
748 3702 802 3785 qui
827 3702 968 3784 loquitur
991 3707 1047 3766 aut
1070 3702 1138 3784 ipse
1163 3702 1253 3767 addit
1275 3705 1329 3765 aut

211 3811 276 3873 suis
299 3810 405 3874 verbis
429 3810 670 3873 circumscribit.

318 3915 490 3999 Obliquum
514 3917 614 4000 igitur
638 3917 873 3980 coniunctivum
898 3916 1076 3979 invenimus

213 4041 252 4105 A.
300 4041 377 4105 Post
399 4063 473 4104 vere
498 4042 664 4126 praeteriti
687 4041 839 4123 temporis
863 4042 1006 4116 verbum,
1039 4061 1258 4124 quaecumque
1282 4042 1329 4103 est

302 4149 390 4211 verbi
416 4170 560 4230 persona.

213 4252 250 4318 B.
303 4254 379 4317 Post
402 4256 580 4339 praesentis
605 4258 659 4318 aut
683 4255 781 4318 futuri
806 4254 959 4336 temporis
983 4254 1126 4331 verbum,
1204 4256 1207 4262 '
