3076 5190
205 990 246 1073 ἐξ
271 994 300 1054 2.
348 990 647 1056 Coniunctivus
683 991 738 1055 rei
773 994 955 1073 sumptae
991 996 1053 1056 est
1087 993 1126 1056 in
1163 995 1329 1077 regenti

659 1099 886 1162 sententia:

330 1238 353 1304 1.
382 1240 449 1303 sive
474 1240 699 1304 condicionalis
723 1243 780 1313 est,

315 1343 357 1411 2.
389 1347 455 1410 sive
473 1346 669 1410 dubitativus
685 1346 736 1411 vel
753 1369 824 1410 cunr
844 1347 1066 1429 indignatione
1089 1349 1328 1433 interrogantis,

315 1449 358 1518 3.
389 1454 455 1517 sive
495 1454 597 1517 nudus
638 1454 820 1535 potentialis
859 1458 915 1517 aut
956 1455 1079 1518 irrealis
1119 1456 1233 1519 aientis
1273 1463 1328 1521 aut

208 1560 366 1646 negantis

208 1758 233 1824 l.
292 1758 591 1824 Coniunctivos
626 1760 814 1842 regentis
839 1760 1088 1824 sententiae
1123 1761 1328 1824 condicio-

641 1863 790 1944 nalis1)
825 1869 896 1929 est.

209 2028 241 2107 r)
268 2025 488 2089 Praesentis
512 2029 567 2090 aut
591 2025 756 2109 perfecti
781 2026 861 2090 coni.
879 2030 928 2088 est
950 2026 983 2089 in
1008 2027 1134 2110 regenti
1158 2027 1328 2090 sententia.

604 2167 644 2233 A.
691 2171 937 2233 coniunctivae

314 2289 360 2355 αΙ.
409 2290 526 2356 Ordior
549 2294 590 2356 ab
614 2292 653 2355 iis
681 2292 829 2375 periodis,
857 2292 890 2355 in
915 2292 1029 2375 quibus
1054 2314 1116 2356 non
1141 2292 1327 2357 assimilatio

194 2400 293 2462 lacta
328 2402 386 2475 est,
422 2400 477 2462 sed
509 2399 563 2463 ubi
599 2399 816 2463 coniunctirus
852 2398 1057 2462 secundariae
1093 2399 1271 2463 sententiae
1294 2400 1326 2462 in

210 2506 319 2569 eedem
357 2528 390 2569 re
426 2511 480 2570 aut
514 2506 658 2590 cogitata
686 2511 741 2569 aut
765 2506 872 2569 irreali
898 2508 1052 2579 versatur,
1077 2506 1108 2569 in
1133 2528 1196 2589 qua
1220 2506 1329 2569 condi·

209 2612 339 2675 cionalis
363 2614 530 2675 sententia.

316 2755 344 2818 1.
392 2753 560 2818 Relativae
584 2755 773 2818 sententiae.

314 2901 341 2942 a.
391 2877 539 2943 Relativa
562 2882 643 2944 sent.
668 2879 804 2963 protasis
827 2878 896 2942 loco
920 2882 968 2942 est
991 2882 1061 2962 (qui
1074 2877 1156 2942 =si
1180 2877 1276 2962 quis).

209 2984 302 3049 'l'ruc
321 2987 395 3048 221.
421 2986 535 3048 stultus
557 2984 600 3048 sit
623 2984 736 3070 quiid
759 2983 900 3048 miretur.

574 3088 674 3175 [vitus
696 3091 738 3155 sit
761 3090 839 3177 quid
860 3090 907 3154 ito
932 3090 973 3174 P]

213 3199 265 3263 As.
291 3199 365 3276 601,
393 3198 508 3262 Bacch.
536 3199 631 3276 1055,
655 3196 724 3262 Mil.
752 3198 893 3263 736—7.

316 3323 344 3386 b.
392 3321 542 3387 Relativa
566 3323 724 3386 sententia
749 3324 901 3407 apodosin
925 3323 1043 3407 explet.

210 3428 298 3492 l'rin.
325 3430 400 3494 221.
426 3428 528 3492 Pauci
551 3427 752 3510 sinisiram,
778 3428 834 3513 qui
857 3429 993 3492 scient
1016 3431 1098 3513 quod
1121 3428 1271 3493 coemunt.

211 3534 286 3600 cist.
311 3536 363 3600 96.
421 3534 566 3615 sioraco,
592 3536 764 3618 extempulo

423 3640 544 3706 Melius
578 3641 631 3704 illi
658 3643 753 3705 inulto
788 3664 895 3726 quem
931 3663 1035 3705 times
1069 3644 1213 3704 consutos
1237 3662 1332 3725 quom

530 3748 577 3812 rei
601 3757 681 3812 tuoe.
729 3747 800 3833 [qui
824 3771 908 3812 aries
932 3747 978 3831 A]

209 3852 296 3945 Tria:
321 3855 397 3919 476.
423 3855 507 3919 Men.
535 3856 595 3918 111
622 3878 651 3919 v.
677 3856 770 3919 infre.

318 4029 337 4097 ¹)
364 4032 406 4083 Ne
435 4032 568 4084 dirimam
596 4048 630 4083 oa
658 4048 731 4097 (luae
760 4033 924 4096 cohaerent,
944 4032 990 4082 hic
1010 4047 1067 4082 una
1085 4031 1214 4082 tractabo
1234 4035 1264 4082 et
1283 4047 1331 4082 eas

209 4124 292 4186 sent,
321 4136 394 4186 quae
422 4121 458 4172 ad
487 4121 629 4186 apodoses
657 4126 687 4172 et
712 4137 762 4173 eas
781 4136 854 4185 quae
873 4121 909 4172 ad
929 4125 1059 4186 protnaes
1079 4135 1110 4171 se
1129 4119 1284 4185 applicant,
1304 4124 1333 4170 et

208 4209 325 4275 quidem
344 4210 421 4276 apud
442 4215 571 4276 protases
591 4210 767 4262 coniunctivi
786 4208 937 4261 assimilati
958 4209 1091 4274 exempla
1110 4208 1194 4273 longe
1208 4208 1332 4274 plurima

208 4312 397 4365 reperiemus.
