3076 5190
679 527 852 592 ..40-

327 811 371 876 II.
418 810 592 876 Praesentis
616 811 764 891 temporis
788 815 835 877 est
858 813 983 878 verbum
1007 813 1200 893 primarium.

313 980 389 1045 Post
411 981 588 1064 praesentis
611 982 764 1067 temporis
789 982 887 1046 verba
909 983 1062 1065 primaria
1085 983 1236 1068 obliquus
1256 986 1331 1069 qui-

207 1089 280 1152 dem
303 1087 521 1152 coniunctivae
545 1086 689 1152 adhiberi
715 1090 831 1172 potest,
848 1088 913 1152 sive
935 1088 1072 1172 pluralia
1088 1095 1162 1154 sunt
1177 1090 1332 1173 (dicimus

208 1222 249 1249 =
263 1195 384 1271 dicunt)
408 1195 474 1259 sive
498 1195 649 1279 temporis
672 1195 827 1279 quaedam
847 1196 990 1260 confusio
1007 1197 1053 1260 ita
1069 1198 1187 1273 subest,
1204 1201 1242 1262 ut
1258 1199 1332 1282 quis

207 1324 245 1367 ea
280 1301 456 1386 eloquatur,
486 1323 567 1385 quae
592 1302 655 1365 iam
680 1302 803 1384 pridem
827 1303 1010 1387 excogitata
1033 1304 1123 1387 quasi
1147 1326 1187 1367 ex
1210 1306 1331 1370 mentis

207 1409 288 1474 cella
323 1408 477 1492 proferat,
507 1408 570 1488 (ex.
595 1430 644 1493 gr.
669 1406 734 1472 cie.
758 1407 851 1474 Tusc.
877 1406 902 1489 Ι,
928 1410 958 1485 6,
984 1411 1124 1488 11-13,
1149 1411 1208 1475 cfr.
1233 1410 1330 1476 Tusc.

207 1514 332 1595 1,4„7
357 1512 521 1596 iudicum),
549 1514 636 1580 velut
670 1516 859 1579 senteutiam
895 1517 1065 1581 cuiuslibet
1092 1518 1155 1582 iam
1180 1522 1329 1602 paratam

207 1644 370 1688 enarrans.
418 1618 480 1686 Sed
505 1622 545 1685 ad
569 1621 675 1686 Plauti
695 1644 872 1686 sermonem
897 1623 955 1688 hoc
980 1646 1043 1688 non
1066 1624 1191 1689 attinet.

314 1725 352 1793 In
367 1728 526 1794 Plautinis
543 1729 628 1794 enim
644 1729 761 1794 fabulis
777 1733 850 1814 post
864 1732 1041 1814 praesentis
1057 1733 1209 1815 temporis
1227 1734 1330 1797 verba

212 1837 357 1922 regentia
380 1858 508 1921 semper
531 1837 738 1902 secundariae
761 1837 996 1901 enuntiationes
1011 1838 1123 1902 iisdem
1141 1839 1241 1903 modis
1259 1840 1330 1903 affi-

206 1943 333 2009 ciuntur
357 1948 451 2028 atque
475 1947 548 2028 post
564 1966 602 2007 ea
618 1945 717 2009 verba
731 1944 967 2028 impersonalia,
985 1967 1066 2029 quae
1083 1967 1144 2009 non
1161 1945 1326 2030 obliquam

206 2051 382 2116 orationem
407 2072 514 2115 secum
538 2051 667 2116 habent.
703 2049 793 2126 Quod
817 2074 879 2115 non
903 2052 1019 2114 mirum
1043 2056 1099 2131 est,
1123 2074 1195 2116 cum
1219 2053 1327 2124 ethis

207 2163 239 2222 et
275 2157 339 2222 illis
373 2159 480 2223 verbis
515 2179 553 2222 ea
587 2159 832 2242 subiungantur,
856 2181 937 2241 quae
965 2160 1036 2243 quis
1059 2181 1092 2223 se
1117 2160 1179 2223 iam
1205 2161 1326 2224 sentire

207 2265 326 2329 directe
362 2265 557 2347 pronuntiat.
604 2263 641 2328 In
677 2263 728 2330 Ps.
754 2265 817 2328 682
842 2266 1033 2330 indicativus
1057 2271 1106 2330 est
1127 2269 1199 2350 post
1222 2267 1329 2331 declu-

206 2392 317 2436 rumus
340 2372 452 2436 eodem
477 2372 545 2436 iure
569 2372 687 2457 quoin
712 2394 757 2436 ex.
783 2394 814 2455 p.
842 2374 881 2437 15
906 2373 938 2449 d)
963 2373 1078 2437 allatis.

601 2567 642 2634 A.
689 2572 935 2633 Coniunctivus.

314 2727 340 2794 I.
389 2728 620 2795 Coniunctivus
644 2729 734 2793 nobis
758 2729 896 2793 occurrit
919 2729 955 2792 in
984 2729 1153 2792 infinitis
1177 2733 1329 2795 senten-

205 2837 275 2901 tiis
299 2837 442 2901 relativis
467 2840 499 2901 et
521 2835 762 2920 temporalibus,
787 2858 881 2919 quac
910 2836 953 2899 ad
983 2836 1150 2900 futurum
1179 2838 1329 2920 tempus

206 2946 395 3027 spectant.

315 3077 344 3142 1.
390 3076 648 3143 Universales
672 3079 767 3142 sent.
790 3076 994 3141 relativae:

206 3199 251 3267 St.
277 3201 353 3266 686.
425 3200 609 3300 Quisquis
624 3209 850 3286 praetereat,
875 3200 1072 3264 comissatum
1095 3202 1160 3264 eolo
1184 3201 1298 3267 uocari.

206 3307 281 3373 Gist.
308 3309 384 3375 497.
421 3309 639 3394 Quodcumque
660 3316 786 3392 optes,
811 3307 868 3372 tibi
890 3306 980 3372 uelim
1003 3306 1187 3393 coutiuqere.

205 3416 263 3480 cfr.
278 3415 334 3482 As.
348 3418 400 3481 24.
425 3415 520 3481 Video
543 3437 660 3480 necesse
683 3437 745 3480 esse
768 3415 868 3501 eloqui
891 3413 1045 3501 quidquid
1067 3437 1190 3499 repes.

312 3549 445 3614 Atiam
470 3549 672 3614 inabsoluta
696 3548 833 3613 dictione
857 3547 1003 3613 adhiberi
1027 3549 1130 3632 potuit
1150 3549 1328 3614 coniuncti·

205 3657 481 3742 &mmm

204 3764 304 3829 Merc.
329 3764 405 3829 453.
487 3765 531 3827 At
561 3764 615 3842 pol
648 3784 700 3846 eqo
723 3784 785 3826 esse
807 3763 896 3825 credo
919 3760 1054 3847 aliquem
1078 3761 1133 3847 qui
1155 3785 1218 3826 uon
1241 3762 1324 3834 uelit,

204 3870 262 3933 cfr.
276 3868 367 3952 Capt.
381 3868 445 3933 327
481 3875 525 3932 est
546 3866 600 3932 ubi
618 3875 765 3952 praestet.
801 3865 882 3932 Item
907 3869 939 3932 in
963 3868 1045 3932 llud.
1064 3870 1205 3933 406—7.
1231 3869 1275 3933 Et
1290 3871 1325 3934 in

204 3976 320 4042 Bacch.
337 3976 412 4040 344.
436 3975 479 4039 Iu
499 3977 544 4039 mi
565 3975 653 4039 huual
674 3984 807 4040 utrum
831 3974 948 4040 eelim
972 3975 1064 4039 licere
1086 3977 1227 4060 iutelleqo
1319 3999 1324 4008 ·

205 4108 295 4174 uelim
319 4109 538 4175 coniunctivus
562 4108 747 4193 potentialis
771 4110 826 4193 qui
851 4109 967 4172 dicitur
990 4131 1058 4173 esse
1082 4113 1195 4194 potest.

205 4230 243 4299 In
255 4233 338 4345 liud.
352 4235 426 4298 400.
444 4234 527 4299 Nam
539 4236 640 4298 multu
650 4241 778 4319 praeter
788 4256 870 4320 spem
887 4232 949 4298 scio
964 4233 1073 4298 multis
1089 4235 1168 4301 baua
1184 4233 1324 4304 euenisse.
