3076 5190
685 589 856 654 ‚35-

210 793 251 818 =
264 765 312 829 ita
334 769 472 829 conuenit
497 768 576 830 iuter
600 789 647 830 me
669 775 696 830 et
723 766 927 834 Theotimum.
974 769 1216 836 Coniunctivum
1241 772 1331 853 adfe-

209 881 270 952 rat,
307 895 400 957 quem
437 874 605 956 proposuit
638 871 770 960 Ussing,
806 877 984 941 necessario
1016 877 1237 960 accipiendum
1262 901 1331 943 esse

209 981 303 1044 credo
338 1001 395 1062 pro
431 981 561 1062 adferet,
596 982 681 1064 quod
716 982 889 1046 secundum
925 982 1048 1048 (tamer.
1074 985 1211 1049 editores
1236 986 1331 1070 vulgo

208 1087 350 1169 amplexi
381 1090 464 1163 sunt,
501 1110 575 1167 non,
611 1091 646 1151 ut
681 1089 727 1152 ait
762 1087 891 1173 Ussing,
924 1091 1000 1174 quis
1028 1089 1178 1170 ‚Plautus
1203 1093 1329 1157 modum

208 1194 417 1258 secundariae
452 1195 631 1258 sententiae
651 1243 654 1249 ,
671 1196 710 1259 ad
745 1196 929 1279 primariam
966 1199 1205 1263 accommodare
1228 1199 1326 1264 solet“

208 1300 430 1382 (indicativum
466 1302 550 1365 enim
586 1302 705 1381 adferet
740 1304 917 1386 reperimus
952 1305 984 1368 in
1013 1303 1104 1369 (turc.
1129 1305 1194 1369 432
1220 1303 1330 1389 postI

208 1429 361 1490 personae
385 1410 518 1474 verbum
543 1408 717 1491 praesens),
753 1411 808 1474 sed
832 1411 909 1493 quis
932 1411 1061 1494 obliqua
1085 1413 1172 1476 notio
1196 1414 1331 1477 accessit

208 1514 300 1578 utin
324 1513 416 1579 (turc.
442 1516 517 1590 347,
542 1515 617 1580 550.

316 1621 395 1687 Cum
419 1623 574 1706 exemplo,
599 1623 683 1706 quod
707 1628 756 1687 est

209 1727 326 1792 Bacch.
337 1729 411 1793 673.
423 1732 572 1814 quoniam
594 1733 712 1794 occasio
735 1731 779 1794 ad
801 1752 867 1794 eam
891 1753 955 1794 rem
978 1732 1043 1814 fait
1284 1817 1287 1821 y

423 1836 499 1900 Mea
522 1839 636 1900 uirtute
655 1846 757 1922 parte,
782 1846 816 1902 ut
839 1847 1033 1924 quamtum
1060 1841 1186 1905 uelles
1209 1848 1329 1905 mutum

529 1964 674 2027 sumeres,

208 2049 367 2113 consentit
390 2049 466 2114 hoo:

323 2156 398 2221 352.
422 2156 474 2221 Ita
496 2156 567 2238 feci,
591 2166 625 2220 ut
649 2160 725 2221 auri
747 2166 940 2242 quamtum
963 2161 1083 2223 uellet
1106 2169 1247 2238 sumeret,

423 2262 584 2342 Quantum
607 2272 710 2332 autem
735 2264 837 2328 trudeat
860 2267 989 2330 reddere
1012 2273 1046 2330 ut
1070 2267 1181 2331 reddat
1200 2269 1299 2352 patri.

210 2366 293 2432 Nam
328 2373 446 2433 occasio
477 2379 544 2434 erat
566 2392 635 2434 mea
658 2373 772 2435 air-tute
792 2381 889 2455 parta
913 2381 947 2437 ut
960 2402 1001 2427 =
1017 2372 1153 2455 feceram
1176 2381 1220 2440 ut.
1268 2371 1330 2438 Sed

210 2476 241 2538 in
277 2475 327 2539 his
362 2478 572 2542 consecutivis
600 2479 738 2561 periodis
762 2479 868 2563 potius
892 2502 988 2564 quam
1012 2480 1159 2568 obliqnus
1182 2480 1331 2545 coniunc-

209 2583 292 2646 tivus
317 2584 554 2649 assimilationis
578 2589 636 2661 est,
661 2586 787 2668 qualem
812 2587 955 2650 videmus
972 2609 1040 2651 esse
1057 2585 1331 2670 praesentis‘con-

210 2690 385 2754 iunctivum
419 2691 452 2754 in
477 2715 504 2756 v.
532 2692 606 2757 353.
664 2692 713 2756 De
739 2692 829 2777 Gapt.
854 2693 928 2758 353,
954 2697 987 2757 et
1010 2693 1062 2758 Ps.
1088 2695 1152 2759 533
1176 2714 1333 2780 uumquae

209 2805 333 2861 causast
356 2799 508 2883 quiu?=
522 2820 599 2862 uum
621 2820 748 2863 recusas
772 2801 889 2884 quia-‚9
910 2823 940 2864 v.
964 2801 1058 2866 infra.

315 2974 352 3039 Β.
399 2979 602 3040 Indicativus
626 2977 917 3042 circumscribentis
941 2978 1047 3041 estin

209 3097 301 3164 Truc.
328 3122 395 3185 arg.
424 3101 464 3163 10
494 3099 592 3185 thue
614 3098 713 3163 iilam'
729 3101 823 3163 ducat
845 3101 900 3186 qai
922 3101 1053 3165 vitiaret
1077 3103 1224 3165 convenit.

315 3222 353 3288 ln
377 3224 586 3289 condicionali
609 3229 702 3291 sent:

210 3330 327 3414 Amph.
342 3331 418 3396 634.
441 3333 487 3395 ita
510 3335 641 3417 quoique
663 3340 907 3416 comparatumst
930 3335 964 3395 ia
988 3339 1087 3396 aetate
1109 3332 1288 3397 homiuum:

445 3439 496 3504 Ita
530 3437 656 3524 di<ei>s
687 3448 730 3503 est
748 3441 913 3524 placitum,
943 3441 1128 3524 uoluptatem
1151 3447 1186 3504 ut
1209 3461 1333 3504 maeror

551 3567 648 3610 coures
671 3554 895 3632 consequatur:

445 3653 528 3733 Quin
565 3654 749 3718 incommodi
779 3655 854 3738 ptus
889 3655 1024 3740 malique
1051 3654 1121 3717 ilico
1145 3653 1238 3729 adsit,
1262 3652 1334 3718 boui

551 3762 586 3825 si
608 3758 759 3845 optipit
781 3760 867 3845 quid,
969 3785 971 3791 ¹

549 3867 637 3945 [daut
659 3866 710 3932 Ed
734 3868 816 3952 quod
838 3862 999 3950 B¹E¹JD¹]

209 3975 399 4039 indicativus
423 3997 486 4039 non
511 3975 671 4039 offendere
696 3975 801 4050 debet,
830 3996 901 4038 cum
925 3995 988 4037 non
1012 3978 1077 4036 tam
1102 3973 1232 4036 deorum
1256 3993 1331 4036 con-

209 4081 281 4146 silia
306 4103 401 4164 quam
426 4103 507 4165 qnae
543 4083 624 4146 finnt
646 4081 836 4145 referantur.
883 4077 968 4144 Nam
990 4078 1038 4143 ita
1061 4080 1142 4143 diois
1167 4085 1211 4143 est
1230 4080 1333 4163 placi·

208 4197 275 4252 tum
309 4187 394 4252 idem
429 4192 478 4252 est
510 4192 606 4272 atque
641 4187 719 4252 illud
743 4187 829 4270 quod
852 4187 1031 4270 praecedit:
1056 4188 1101 4249 ita
1125 4186 1234 4271 cuique
1256 4206 1332 4250 eoru-

205 4302 386 4381 paratumst
408 4294 460 4359 vel
474 4297 575 4359 =ita
596 4294 633 4378 fit
656 4302 701 4359 ut.
