3076 5190
738 604 800 671 139
828 641 866 651 -

207 784 439 848 adversativam
464 783 515 847 vel
539 783 753 846 concessivam
778 784 937 847 notionem
955 783 1002 846 illi
1019 782 1219 848 coniunctivo
1236 785 1328 869 quasi

207 912 296 955 suam
333 891 445 955 inesse.
473 889 652 965 —Quaeri
689 890 817 973 quidem
853 895 969 974 potest,
994 890 1049 954 sed
1074 892 1123 954 vix
1152 891 1329 966 diiudicari,

208 1001 280 1061 uter
303 998 521 1061 coniunctivus
546 998 632 1080 prior
655 997 824 1062 exstiterit.
860 995 921 1061 Sed
947 1019 985 1060 ne
1010 1021 1029 1060 a
1053 986 1234 1062 concessivo
1251 998 1329 1061 assi·

209 1104 353 1167 miletum
367 1104 601 1169 coniunctivum
615 1104 807 1169 deducamus
820 1126 899 1168 neve
911 1104 959 1167 illi
972 1105 1077 1168 omnia
1090 1105 1237 1187 exempla
1248 1127 1330 1188 quae

209 1211 302 1274 attuli
317 1210 503 1285 referamus,
516 1206 594 1275 satis
610 1216 702 1275 cavet
713 1210 765 1274 hic
779 1212 997 1275 coniunctivus
1010 1215 1081 1295 post
1096 1213 1178 1297 qaod
1192 1213 1331 1275 causale:

209 1334 265 1400 As.
290 1337 342 1399 45.
367 1357 424 1399 aar
447 1338 574 1399 rrriaiter
597 1336 660 1413 tibi,

269 1442 342 1506 —8.
370 1432 595 1527 Propterea
618 1443 720 1527 qaod
743 1464 789 1506 me
812 1464 874 1505 noa
897 1445 1039 1506 scientem
1061 1444 1240 1525 feceris?

209 1568 348 1651 itemque
383 1567 431 1631 illi
466 1590 544 1651 quos
579 1589 676 1651 supra
710 1568 846 1632 vidimus
870 1572 942 1652 post
965 1569 1017 1631 aln'
1040 1570 1186 1652 usurpari
1211 1571 1243 1632 in
1268 1569 1329 1653 Ep.

209 1674 273 1738 588
298 1678 330 1737 et
353 1673 438 1738 Men.
465 1674 627 1738 559-60.

316 1779 456 1844 Maxime
481 1787 592 1865 aperta
617 1787 666 1845 est
689 1783 871 1846 concessiva
896 1783 946 1845 vel
970 1783 1105 1846 causalis
1130 1783 1176 1847 vis
1200 1784 1233 1846 in
1251 1784 1330 1846 rela-

208 1887 283 1950 tivis
307 1891 398 1961 sent,
417 1910 498 1972 quae
515 1892 619 1952 certas
636 1910 686 1952 res
703 1888 754 1952 vel
770 1892 872 1952 certos
889 1887 1033 1952 homines
1051 1889 1206 1953 definiunt
1225 1894 1331 1972 (prae-

208 1993 318 2057 sertim
343 1994 369 2056 si
394 1995 583 2059 correlatum
609 1996 783 2078 ascriptum
807 2000 877 2071 est).
918 1993 979 2060 Sed
1004 1997 1089 2079 quod
1113 1999 1161 2059 est
1176 1996 1331 2060 illustrius

210 2100 448 2164 assimilationis
472 2102 653 2185 exemplum
678 2124 774 2185 quam
798 2100 872 2166 hoc:

209 2206 278 2271 Mil.
304 2207 378 2270 426.
430 2207 515 2287 Quia
539 2229 591 2292 epo
614 2208 684 2272 lroc
706 2230 809 2293 copem
833 2210 936 2293 qrcod
958 2211 1160 2273 nesciam?

623 2408 656 2465 B.
703 2407 917 2468 Indicativus.

317 2526 541 2592 Coniunctivus
577 2549 647 2590 cum
684 2528 859 2590 sententias
896 2529 1039 2611 proxime
1075 2529 1159 2591 inter
1194 2551 1226 2591 se
1256 2550 1331 2592 con·

209 2637 327 2711 nectat,
351 2634 541 2697 indicativus
566 2655 632 2696 rem
657 2633 846 2716 simpliciter
870 2634 1019 2716 explicat.

316 2739 557 2804 Coniunctivum
595 2740 793 2803 attractionis
829 2743 956 2823 praeter
983 2741 1142 2804 causalem
1168 2747 1247 2804 sent.
1274 2742 1328 2804 As.

210 2846 252 2910 48
288 2847 321 2909 in
350 2846 492 2911 relativis
515 2850 639 2909 tanturn
665 2847 837 2909 enuntiatis
862 2848 1069 2930 repperimus.
1118 2846 1186 2910 lam
1211 2848 1331 2910 indica·

209 2954 291 3018 tivos
314 2953 531 3036 inspiciamus.

320 3097 347 3159 1.
394 3094 616 3159 Relativae
640 3095 826 3160 sententiae.

317 3217 342 3282 I.
367 3217 562 3284 Indicativus
587 3220 757 3303 praecipue
782 3242 837 3283 suo
861 3220 931 3284 loco
955 3225 1012 3296 est,
1037 3222 1090 3285 ubi
1109 3221 1141 3285 in
1159 3244 1242 3286 nexu
1259 3245 1331 3286 seu·

209 3327 383 3390 tentiarum
407 3347 469 3390 non
493 3329 605 3410 aperta
628 3330 677 3390 est
700 3326 901 3391 adversativa
922 3328 984 3404 vis3
1009 3329 1065 3391 sed
1082 3329 1206 3391 etiamsi
1224 3329 1332 3412 aliqua

210 3435 309 3511 adest,
346 3455 473 3517 semper
506 3432 697 3497 indicativus
721 3456 779 3498 usu
803 3434 946 3497 venitin
978 3434 1172 3498 definitis
1204 3441 1331 3500 senten·

209 3541 263 3603 tiis
287 3540 336 3616 iis,
361 3540 476 3624 quibus
499 3541 701 3604 substantiva
725 3540 935 3624 explicantur,
958 3563 1054 3624 saepe
1072 3542 1125 3605 ubi
1142 3542 1330 3605 correlatum

210 3647 309 3722 adest,
335 3669 407 3712 raro
430 3646 543 3728 (semel
566 3647 616 3712 vel
642 3647 704 3730 bis)
728 3649 780 3711 ubi
807 3648 995 3712 correlatum
1020 3648 1170 3711 omissum
1195 3653 1251 3711 est.
1289 3649 1331 3712 Et

209 3754 339 3837 quidem
374 3776 446 3818 raro
481 3757 556 3831 (ter)
591 3755 783 3818 indicativus
811 3756 900 3819 nobis
924 3755 1070 3833 occurrit,
1096 3756 1149 3819 ubi
1175 3755 1257 3817 idem
1284 3760 1332 3819 est

210 3861 374 3944 utriusque
398 3861 575 3924 sententiae
599 3860 787 3938 subiectum,
812 3862 938 3944 saepius
963 3862 1017 3925 ubi
1042 3862 1167 3924 diversa
1190 3866 1273 3924 sunt.
1331 3890 1334 3894 ⁴

317 3985 521 4050 Substantiva
545 3986 754 4070 explicantur.

210 4089 267 4156 As.
294 4091 367 4156 884.
425 4092 513 4176 Epora
537 4100 571 4156 at
593 4114 655 4155 aoa
678 4094 767 4156 domo
790 4094 886 4156 oport
908 4114 992 4155 meae

424 4198 619 4282 Sabrapiam
643 4201 676 4261 ta
700 4200 820 4262 deliciis
838 4200 959 4282 pallam
984 4221 1096 4284 qrcara
1128 4199 1242 4263 hahet
1268 4200 1333 4262 --ἓ

425 4304 497 4368 Noa
523 4306 626 4389 edepol
649 4307 780 4369 coadaca‘
798 4327 928 4389 possum
950 4308 1014 4368 vita
1038 4304 1147 4369 acoris
1170 4328 1287 4369 (rainae.
