3076 5190
678 570 878 653 405-

217 747 266 810 bis
290 746 358 810 eius
381 745 421 810 ad
446 745 536 810 Cure.
562 747 627 810 484
658 746 704 809 eet
726 745 781 831 qni
803 744 867 830 ipsi
890 754 1018 810 vorsant
1040 748 1086 810 cet
1109 746 1164 832 qni
1186 747 1263 812 aliis
1286 749 1339 813 nti

217 860 381 916 vorsentur
411 851 589 936 praebeant.
637 850 695 915 Ait
718 853 819 918 enim:
851 851 1037 936 ’praebeant’
1060 852 1275 920 coniunctivae
1299 857 1336 920 nt

216 960 407 1023 antecedente
430 966 593 1023 attractus.

322 1065 395 1150 Ego
419 1070 526 1130 autem
550 1065 683 1130 eandem
707 1087 776 1130 esse
800 1071 878 1150 puto
901 1067 934 1130 in
958 1067 1017 1132 hoc
1041 1072 1137 1151 atque
1161 1069 1194 1132 in
1222 1071 1337 1133 ceteris

215 1194 297 1257 quae
332 1172 425 1237 attuli
461 1173 616 1256 exemplis
651 1173 913 1237 assimilationem
936 1175 1124 1238 universalis
1148 1179 1228 1240 seut.
1253 1176 1338 1240 rela-

215 1281 311 1356 tivae,
346 1302 428 1363 quae
464 1280 503 1343 ad
538 1279 679 1346 futurum
716 1283 849 1363 spectat,
885 1302 948 1344 non
981 1283 1158 1364 praesentis
1182 1284 1335 1367 temporis

215 1387 393 1451 sententiae
418 1408 500 1470 quae
526 1408 591 1450 rem
617 1382 734 1451 certam
761 1387 929 1470 exprimat.

322 1633 423 1710 Quem
450 1657 549 1720 preve
572 1636 616 1700 sit
638 1637 797 1700 sententia
820 1638 974 1713 Lorenzii,
998 1660 1092 1721 quam
1118 1638 1158 1702 ad
1182 1637 1250 1703 Mil.
1271 1639 1335 1703 614

214 1742 358 1807 elocutus
382 1747 447 1808 est:
477 1742 584 1822 ,nicht
607 1741 795 1808 Attralrtion
818 1744 873 1808 des
897 1743 1019 1823 Modus,
1045 1744 1086 1808 da
1109 1745 1166 1809 der
1189 1745 1334 1811 Relatis·

213 1853 281 1913 satz
303 1850 517 1934 voraugeht‘.
553 1851 632 1914 haec
656 1851 804 1934 exempla
828 1851 1006 1916 luculenter
1029 1854 1174 1935 probant,
1200 1875 1271 1917 cum
1296 1876 1335 1918 ex

213 1955 277 2019 illis
302 1957 479 2034 sententiis,
514 1979 596 2042 quae
621 1958 661 2021 ad
684 1957 837 2022 iussivum
861 1959 1096 2023 coniunctivum
1120 1960 1335 2040 attrahuntur,

213 2085 269 2127 sex
294 2065 421 2149 regenti
444 2065 644 2129 coniunctim
668 2065 871 2148 praecedant,
894 2068 960 2129 tres
983 2071 1167 2149 sequautur.

242 2386 245 2392 .
322 2314 352 2377 b.
388 2311 504 2378 Utrum
529 2314 609 2378 coni.
635 2315 771 2398 perfecti
796 2337 837 2378 an
860 2316 925 2379 ind.
945 2316 1043 2380 futuri
1068 2317 1172 2380 exacti
1195 2316 1248 2392 sit,
1272 2340 1334 2381 non

212 2420 315 2503 liquet
339 2421 372 2484 iu

212 2551 309 2616 Poen.
328 2554 403 2617 449.
425 2551 473 2616 Di
495 2552 588 2616 illurn
610 2551 773 2636 infelicent
795 2573 899 2617 ornnes
922 2552 978 2639 qni
997 2562 1067 2638 post
1089 2554 1172 2618 b'nnc
1195 2553 1278 2619 dicen

425 2657 511 2722 Leno
535 2659 635 2722 nilum
665 2657 776 2722 Veneri
798 2680 948 2743 nmquam
971 2658 1145 2724 immolarit
1168 2659 1312 2741 bostium,

429 2763 526 2844 Quive
551 2801 591 2809 —
615 2764 859 2846 sacraficueerit.

317 2867 531 2935 Indicativum
555 2892 624 2934 esse
648 2871 800 2935 credibile
824 2871 929 2936 reddit
953 2871 1044 2956 Capt.
1070 2873 1145 2939 910.

210 3001 304 3067 Truc.
323 3004 398 3067 429.
424 3002 582 3089 Quicquid
604 3003 756 3087 attulerit,
781 3004 852 3069 boni
874 3007 1026 3070 consutus.

470 3107 640 3194 [anteierit
665 3134 744 3176 corr.
769 3112 857 3192 Brix‚
881 3114 960 3177 toccu
983 3113 1074 3198 libri]

317 3241 487 3318 Qualitatis
522 3245 608 3309 notio
642 3245 774 3329 insuper
812 3249 860 3309 est
895 3247 927 3309 in
962 3246 1098 3330 perfecti
1138 3248 1328 3313 coniunctim

209 3349 370 3432 exemplo:

209 3481 296 3548 Triu.
323 3483 397 3550 765.
421 3483 524 3548 Home
547 3484 740 3548 conducatur
762 3483 879 3570 aliquis
904 3521 943 3531 —

325 3592 398 3656 -7.
423 3591 460 3654 Is
482 3589 572 3655 barno
588 3600 755 3655 exornetur
764 3591 913 3676 prupliicc
927 3590 964 3656 in
977 3591 1181 3677 pereprinnen
1192 3595 1329 3676 medum,

422 3697 534 3782 Iuncta
555 3696 695 3780 fecic[s],
720 3719 819 3782 qnae
844 3695 933 3782 <bic>
959 3719 1025 3762 erton
1047 3697 1221 3762 uisitata
1243 3697 1294 3763 sit.

559 3801 703 3888 [visitatu
725 3804 765 3868 A.
789 3802 837 3868 eis·
858 3803 906 3869 ite
929 3803 983 3888 Ρ.]

316 4018 346 4083 3.
393 4016 658 4101 Temporales
693 4017 938 4082 sententiae.

316 4157 616 4224 Coniunctivue
649 4159 754 4223 estin
777 4159 1006 4243 temporalibus
1029 4159 1206 4232 sententiis
1231 4160 1263 4224 si
1288 4161 1328 4226 in

208 4267 390 4339 futurum
424 4270 584 4352 tempus
618 4288 683 4331 res
718 4270 903 4353 sumptae
938 4267 1188 4335 referuntur.
