3076 5190
682 562 855 627 ,90-

315 742 346 805 2.
394 739 462 812 Ubi
491 741 648 806 secundae
672 760 826 823 personae
850 741 948 806 verbo
971 762 1030 805 eae
1055 743 1185 827 periodi
1208 745 1330 809 subiun-

210 852 340 933 guntur,
364 870 446 932 quae
470 870 504 912 re
528 869 605 913 vera
627 847 786 932 loquentis
808 853 892 913 suut.

316 981 553 1047 Condicionalis
577 985 658 1046 aent.

212 1104 262 1170 Ps.
290 1090 364 1172 109'.
422 1106 491 1171 Soio
514 1114 547 1171 tu
571 1106 693 1192 qrcidem
716 1105 826 1186 terete,
850 1126 917 1170 mro
940 1107 969 1169 ei
990 1108 1143 1171 commovi
1165 1128 1271 1191 sacro,

423 1213 490 1293 Quo
509 1220 601 1297 poeto
624 1219 651 1277 ot
674 1218 809 1298 quantoe
831 1212 946 1277 aoloom
968 1212 1109 1277 turbelas
1130 1214 1222 1280 dore.

361 1316 602 1403 [commovissem
625 1317 754 1385 Servius
777 1317 874 1385 schol.
899 1317 981 1383 Aen.
1006 1317 1063 1400 lv,
1089 1318 1189 1405 SOL]

317 1453 385 1518 Hoc
409 1454 494 1517 euim
518 1453 676 1517 secundae
700 1474 853 1537 personae
877 1453 1008 1518 verbum
1026 1453 1258 1521 affirmativum
1277 1458 1333 1520 scis

209 1560 248 1623 ad
284 1561 476 1624 sententiam
504 1561 627 1644 primae
651 1581 806 1643 personae
829 1561 962 1625 verbum
984 1563 1022 1624 ut
1043 1580 1153 1625 moneo
1178 1566 1334 1647 exaequat

210 1666 260 1731 vel
294 1667 444 1732 iussivam
481 1668 616 1731 formam
652 1672 688 1732 ut
722 1669 831 1751 copito,
868 1667 906 1731 de
941 1688 1004 1751 qua
1038 1666 1136 1732 infra.
1186 1666 1270 1734 Item
1303 1671 1333 1734 in

316 1774 489 1839 universali
513 1777 595 1840 cent.
619 1773 755 1839 relativa

209 1894 329 1981 Amph.
341 1898 414 1961 104.
425 1897 510 1961 Num
534 1916 586 1982 opo
609 1918 660 1961 ooo
683 1900 802 1961 monicae
823 1898 914 1962 credo
937 1899 1002 1962 inm
1024 1905 1060 1962 ut
1073 1899 1118 1963 eit
1132 1920 1225 1965 meus
1235 1910 1334 1987 poter,

336 2005 410 2068 -6.
423 2004 626 2090 Quantasque
648 2011 772 2067 amator
794 2002 885 2088 si[c]t
905 2005 1008 2090 qaod
1029 2006 1335 2089 complacitumat

527 2112 629 2177 semol.

535 2221 639 2302 [poter
663 2239 767 2284 incus:
789 2218 862 2282 trai.
887 2217 995 2297 Both.]
1080 2268 1090 2285 ,

374 2345 426 2389 ooo
449 2326 567 2389 monisse
589 2325 733 2390 crcdo=
746 2346 797 2389 ooo
819 2346 925 2390 rnomco
946 2325 998 2391 vel
1021 2328 1163 2411 copitotc.

348 2672 380 2729 2.
429 2664 746 2749 interrogativa
769 2668 818 2729 est
841 2665 999 2729 sententia
1021 2664 1187 2749 primaria.

315 2807 543 2872 Coniunctivus
576 2807 724 2891 obliquus
747 2809 781 2872 in
804 2829 881 2872 vcra
903 2807 1157 2890 interrogatione
1180 2831 1242 2876 suo
1264 2810 1332 2876 loco

208 2918 265 2991 cst,
303 2914 493 2979 indicativus
529 2919 635 2979 autem
666 2915 700 2979 in
723 2912 884 2979 rhetorica
906 2914 958 2979 rel
981 2914 1037 2979 ubi
1059 2914 1088 2979 is
1110 2916 1168 2999 qui
1189 2916 1333 3002 loquitur

208 3043 269 3085 uon
305 3021 382 3098 eiua,
407 3043 502 3106 quem
526 3022 712 3105 interrogat,
741 3021 916 3085 sententiaa
940 3043 974 3086 re
998 3043 1075 3086 vera
1099 3023 1251 3107 exquirit,
1277 3024 1331 3089 sed

207 3150 280 3193 suas
313 3129 382 3212 ipse
406 3129 575 3213 autquasi
600 3129 781 3193 exclamans
805 3129 928 3213 profert
950 3128 1000 3212 (ut
1022 3148 1151 3214 aequom
1173 3129 1232 3194 tibi
1254 3131 1330 3194 oide-

207 3237 412 3300 tm·?=oom
447 3257 574 3322 aequom
609 3238 665 3318 est)
701 3239 757 3300 aut
780 3236 910 3302 hortans
937 3238 986 3313 (ut
1008 3237 1084 3322 quin
1107 3235 1319 3313 dicia=dic)

208 3347 264 3408 rint
287 3344 342 3409 ubi
366 3343 557 3428 simpliciter
580 3365 619 3407 ex
644 3342 750 3426 aliquo
773 3343 908 3427 quaerit,
925 3344 1078 3427 probetne
1102 3342 1135 3407 id
1158 3344 1243 3428 quod
1266 3344 1329 3409 suis

206 3451 313 3516 verbis
337 3450 367 3514 ei
390 3450 459 3534 ipae
482 3450 643 3534 proponit.

314 3592 353 3658 A.
401 3597 608 3658 coniunctivi
642 3593 764 3676 obliqui
801 3593 947 3676 exempla
982 3592 1160 3657 certissima
1188 3615 1250 3658 non
1274 3615 1324 3657 ex·

206 3704 302 3765 stunt.
349 3697 433 3764 Nam
470 3701 555 3784 quod
580 3700 734 3764 eiusmodi
759 3700 995 3765 coniunctivum
1019 3721 1088 3764 enac
1112 3699 1199 3765 dices
1222 3699 1256 3763 in
1279 3722 1327 3763 re-

207 3808 305 3872 lativa
328 3808 488 3872 sententia

206 3933 275 3997 Mil.
301 3934 376 3998 300.
422 3930 508 4013 Quid
530 3932 585 3996 tibi
607 3934 653 3996 oie
675 3933 775 3995 dicam
801 3933 864 3995 misi
887 3931 990 4017 quod
1011 3928 1206 3995 viderim?

207 4057 313 4122 nescio
348 4080 387 4121 an
424 4061 541 4142 arguat
571 4058 761 4123 indicativus
785 4058 817 4121 in
841 4079 971 4141 prorsus
994 4056 1091 4121 simili
1115 4079 1164 4121 ex.
1190 4061 1262 4140 post
1282 4054 1325 4121 oo

206 4168 366 4230 servatus:
1115 4212 1120 4221 .

206 4269 267 4354 Ep.
294 4270 344 4334 19.
422 4271 507 4354 Quid
529 4270 584 4336 tibi
608 4273 653 4336 vis
676 4271 779 4336 dicam
802 4274 867 4336 nisi
889 4272 993 4358 quod
1015 4271 1095 4336 cat?
