3076 5190
671 608 867 677 -138-

209 784 325 851 Bacch.
344 788 395 850 66.
423 786 584 852 Percetrcm
608 810 654 852 me
677 787 858 853 huiusmodi
881 788 916 853 in
939 791 1140 874 palaestram,
1164 789 1218 853 aaa·
1241 788 1328 853 (tam-

526 893 578 959 nis
600 894 847 960 decadaacitur?

427 1000 498 1065 Uti
528 1023 588 1085 pro
623 1000 707 1066 disco
741 1003 892 1067 darianum
916 1003 1089 1088 capiam,
1109 1024 1170 1088 pro
1193 1024 1329 1068 cursura

527 1109 682 1173 dedecus?

298 1213 484 1298 [Perictrarc
506 1214 602 1279 huius
624 1215 709 1293 libri,
735 1238 815 1281 corr.
840 1215 974 1281 Bothius
999 1217 1078 1282 duce
1102 1214 1246 1301 Donato]

208 1341 228 1402 i.
255 1362 282 1404 e.
309 1339 471 1420 Pcnctrem
495 1376 538 1385 —
561 1348 589 1403 ct
611 1339 656 1404 iti
679 1340 829 1425 capiam?
862 1342 912 1406 vel
939 1378 977 1386 -
1002 1340 1056 1406 ubi
1080 1340 1130 1427 <si
1153 1338 1328 1426 penetrari>

207 1446 340 1530 capiam.

208 1553 275 1618 Mil.
302 1553 465 1619 686-90.

315 1659 402 1736 Quae
438 1661 631 1725 coniunctivi
674 1663 787 1724 natura
822 1661 855 1724 in
890 1662 1023 1725 infinitis
1058 1662 1224 1726 sententiis
1260 1661 1331 1745 plus

209 1768 351 1832 minusve
375 1768 498 1852 percipi
521 1771 637 1851 potest,
662 1790 723 1832 non
747 1767 847 1832 solum
872 1768 904 1832 in
929 1769 1138 1832 condicionali

212 1874 328 1958 Amph.
349 1875 424 1939 986.
448 1873 528 1938 mihi
552 1910 594 1920 -
618 1873 674 1960 qui
696 1872 803 1938 crinas
826 1874 917 1938 liccat
940 1876 994 1939 deo
1017 1873 1199 1939 minitarier·

448 1981 575 2064 Populo,
601 1979 644 2044 ci
666 1981 832 2044 decedat
859 1979 948 2063 miti,
965 2003 1060 2066 qaam
1083 1982 1199 2046 servolo
1222 1980 1258 2045 ia
1282 2003 1332 2044 cc·

528 2085 682 2151 caeciliis?

209 2195 264 2258 sed
288 2196 384 2258 etiam
410 2195 442 2258 in
467 2194 610 2259 relativis
634 2195 688 2258 ubi
713 2191 768 2279 qui
792 2197 840 2257 est
854 2193 937 2258 =si
960 2193 1031 2280 quis
1055 2198 1090 2259 ut

210 2320 278 2383 Mil.
315 2320 388 2383 614,
430 2318 591 2399 Quodne
613 2316 695 2382 cobis
716 2319 888 2402 placcat,
914 2317 1077 2402 displiceat
1100 2317 1203 2382 milti?

210 2447 248 2509 de
284 2467 346 2528 quo
374 2444 520 2526 exemplo
544 2443 682 2507 Lorenn:
723 2441 831 2522 „nicht
856 2442 1041 2506 Attraktion
1066 2443 1121 2506 des
1146 2443 1268 2522 Modus,
1293 2445 1333 2507 da

210 2554 266 2615 der
302 2550 497 2615 Relativsatz
532 2550 719 2633 vorangeht‚
748 2551 884 2614 sondern
909 2549 955 2613 als
979 2548 1061 2614 noch
1085 2549 1246 2633 mtgliche
1271 2549 1332 2614 Be-

211 2660 357 2742 dingung
372 2681 410 2721 zu
427 2658 548 2722 fassen:
565 2655 599 2719 si
618 2655 709 2741 quid
723 2679 750 2721 c.
765 2657 922 2740 placcat,
936 2655 1009 2719 idne
1025 2664 1059 2719 ut
1075 2655 1238 2740 displiceat
1252 2657 1330 2721 m.?“

213 2782 291 2846 Rud.
320 2783 414 2847 1244.
450 2783 552 2866 llpoae
585 2790 620 2845 at
655 2783 756 2866 quod
789 2782 833 2844 ad
865 2802 913 2844 mc
947 2781 1080 2844 allatum
1108 2801 1170 2843 csse
1193 2782 1332 2844 alienam

553 2887 679 2952 sciam
710 2887 835 2953 Oelcm?

506 2997 588 3080 quod
610 2993 709 3059 sciam
722 2993 805 3058 =si
828 2993 906 3080 qaid
928 2992 1036 3058 sciam.

320 3120 364 3183 At
398 3120 462 3184 iarn
498 3119 536 3184 de
573 3119 622 3182 his
657 3119 825 3183 sententiis
848 3140 905 3182 suc
927 3119 996 3181 iure
1022 3118 1153 3183 dubium
1178 3122 1333 3194 movetur,

212 3249 327 3290 verene
364 3227 509 3291 infinitae
544 3227 608 3289 sint
632 3232 664 3289 et
687 3248 761 3289 num
787 3229 872 3289 recte
897 3226 1037 3290 dicatur:
1069 3223 1177 3304 ‚nicht
1199 3222 1334 3289 Attak-

211 3334 276 3397 tion
314 3335 369 3397 des
405 3333 552 3398 Modus‘.
600 3329 684 3396 Nam
720 3333 796 3396 licet
826 3332 952 3395 infinita
975 3332 1081 3415 specie
1106 3332 1236 3395 indutae
1260 3332 1334 3407 sint,

212 3441 245 3504 in
277 3441 432 3504 eiusmodi
468 3443 542 3503 sunt
576 3440 805 3503 sententiarum
842 3460 934 3515 nexu,
961 3442 996 3502 ut
1019 3438 1058 3501 ad
1083 3442 1187 3502 certas
1210 3460 1271 3513 res,
1296 3440 1334 3503 dc

212 3548 328 3631 quibus
364 3551 437 3610 ante
473 3546 590 3631 agitur,
627 3567 683 3609 nos
716 3567 769 3608 eas
804 3545 1002 3628 potissimum
1028 3545 1220 3609 referamus:
1246 3544 1336 3608 utin

213 3654 369 3719 Rudentis
405 3653 549 3736 exemplo
582 3653 621 3716 ad
646 3652 788 3717 vidulum
812 3652 991 3716 necessario
1015 3651 1155 3716 refertur
1177 3651 1337 3715 sententia

213 3761 295 3846 quad
322 3797 359 3806 -
383 3759 500 3824 sciam:
527 3760 616 3839 „eine
640 3759 742 3824 Sache
766 3760 838 3837 (wie
864 3760 973 3836 diceet,
992 3781 1054 3823 ron
1078 3758 1135 3821 der
1158 3756 1210 3821 ich
1234 3758 1336 3836 weiss,

213 3868 285 3930 dass
308 3868 354 3930 sie
381 3868 454 3943 —‘,
479 3867 512 3930 in
546 3889 609 3950 qua
644 3867 803 3931 sententia
831 3867 965 3931 obscura
989 3865 1113 3941 saltem,
1138 3865 1165 3927 si
1189 3864 1263 3940 ulla,
1289 3869 1338 3927 est

216 3973 400 4058 potentialis
423 3974 480 4038 vis.
529 3971 604 4037 Alie
628 3979 701 4038 sunt
726 3971 883 4056 exempla,
907 3993 989 4055 quae
1014 3971 1110 4034 etiam
1135 3971 1278 4054 apertius
1297 3971 1336 4034 ad

215 4085 319 4144 certas
343 4100 394 4144 res
418 4080 595 4164 pertinent.

216 4203 404 4288 capital.
430 4205 533 4283 Quod
555 4224 616 4287 epo
638 4203 778 4285 fatear,
804 4200 911 4266 credin
923 4201 1042 4285 pudeat
1064 4221 1154 4285 quarn
1176 4200 1342 4265 autumes?

219 4309 337 4376 Bacch.
348 4311 443 4375 1190.
459 4310 555 4404 Epiri
574 4308 636 4373 uti
658 4307 746 4390 filius
762 4315 1028 4392 corrumpatur
1043 4327 1138 4389 cneus,
1153 4304 1198 4369 iti
1219 4307 1341 4390 potem?
