3076 5190
670 524 867 590 -104-

207 704 296 771 Tria.
322 702 481 771 710001
509 703 603 768 aliter
633 701 794 766 animatus
829 723 869 782 es,
913 737 946 746 -
983 701 1056 767 icae
1094 701 1209 786 quod
1242 721 1339 784 0900

526 809 645 874 eueniat
671 807 737 875 titi.

455 914 591 1001 [eieciat
615 915 649 994 F,
675 914 809 994 000101,
835 912 946 978 eueniet
969 910 1086 997 aeteri]

313 1041 447 1107 Frustra
480 1040 692 1105 Ritsahelius:
729 1037 807 1123 aqis.
854 1036 939 1103 Nam
974 1037 1103 1129 etiamsi
1138 1037 1183 1101 ad
1216 1041 1335 1102 certam

206 1173 283 1229 rem,
307 1171 388 1234 quae
412 1172 442 1214 v.
456 1148 520 1214 699
545 1150 694 1211 narratur
717 1144 766 1227 (id
789 1144 859 1229 aqis
874 1144 1107 1228 010.),10101100
1130 1144 1237 1208 verba
1255 1143 1336 1228 quod

206 1255 276 1342 aqis
309 1255 468 1338 respicere
504 1253 636 1337 possint,
673 1256 758 1317 certe
783 1251 883 1316 multo
906 1253 1049 1334 praestat
1071 1272 1132 1333 pro
1157 1248 1332 1314 universali

205 1361 366 1426 sententia
399 1358 518 1423 habere
554 1357 633 1422 haec
665 1359 763 1423 verba
786 1357 891 1433 amici,
915 1357 1007 1441 quasi
1030 1357 1063 1420 in
1086 1378 1183 1420 omne
1209 1360 1333 1440 tempus

206 1466 248 1530 ab
271 1466 373 1529 amico
397 1465 602 1530 discedentis:
638 1465 720 1550 quod
742 1485 819 1548 0900
854 1485 936 1543 ,was
959 1463 1001 1528 du
1026 1461 1109 1527 auch
1133 1461 1330 1526 vornehmen

207 1572 395 1636 mdchtest“.

207 1694 300 1760 111001.
327 1697 422 1761 1100.
467 1695 576 1776 Quod
609 1716 715 1778 0900,
739 1693 775 1758 id
808 1716 903 1779 cqas:
936 1692 1015 1779 quid
1047 1700 1082 1757 tu
1106 1714 1208 1777 porro
1231 1714 1329 1757 serere

269 1816 272 1822 ’
570 1800 617 1865 cis
640 1799 821 1885 ucqotium?

510 1906 574 1992 [cis
597 1930 697 1973 serere
720 1909 787 1973 aod.
812 1907 883 1972 trai.
910 1904 1023 1991 Both.]

314 2051 385 2118 Hoc
400 2052 470 2116 loco
486 2052 600 2116 iustior
616 2073 711 2116 causa
728 2073 824 2135 quam
839 2052 873 2114 in
889 2050 1054 2115 1110715
1076 2053 1158 2131 erat¹
1174 2072 1234 2115 cur
1249 2050 1327 2115 indi·

207 2159 346 2224 cativum
370 2159 438 2242 cqis
455 2159 635 2241 reciperent
650 2156 846 2222 Ritsohelius
863 2158 981 2242 aliique
998 2158 1137 2221 editores
1153 2157 1326 2221 secundum

207 2267 422 2330 coniecturam
457 2263 596 2349 Pyladis
643 2263 814 2348 Spectatur
841 2265 925 2328 enim
950 2265 1018 2328 sine
1043 2264 1140 2328 dubio
1164 2269 1325 2328 certares

208 2393 236 2436 v.
264 2373 348 2436 1093
384 2374 647 2436 commemorata:
687 2369 773 2451 Quid
805 2369 835 2434 si
868 2391 1025 2434 accersam
1062 2369 1128 2433 -ἓ
1166 2367 1223 2450 ,Id
1259 2391 1327 2454 age,

207 2478 270 2544 noli
310 2479 389 2543 alias
431 2501 481 2544 res
522 2480 666 2542 curare“.
724 2478 784 2541 Sed
826 2478 938 2542 eadem
980 2479 1140 2541 sententia
1182 2478 1326 2557 efficitur,

207 2585 331 2649 etiamsi
356 2585 568 2650 universalem
593 2607 661 2649 esse
682 2585 859 2648 iudicantes
884 2584 1052 2648 relativam
1075 2585 1325 2649 enuntiationem

207 2692 441 2756 coniunctivum
475 2714 548 2755 cum
582 2688 774 2770 Μο0110101)
810 2690 1010 2754 defendimus
1044 2691 1101 2772 (=
1115 2691 1326 2778 quodcumque

207 2819 284 2882 aqas
316 2796 353 2862 id
386 2798 487 2882 equs).
535 2797 721 2882 Comparari
756 2798 841 2861 enim
875 2802 1008 2881 possunt
1043 2801 1076 2861 et
1109 2797 1252 2862 formula
1275 2799 1328 2863 illa

211 2905 274 2989 Aqe
307 2902 415 2990 siquid
436 2901 542 2988 aqis²)
573 2909 605 2969 01
629 2904 692 2968 alia
716 2905 891 2979 enuntiata,
927 2927 1008 2989 quae
1032 2905 1178 2988 quamvis
1202 2905 1327 2973 unirer·

207 3011 286 3075 salia
310 3012 385 3091 sint,
410 3012 450 3074 ad
474 3014 577 3075 certas
601 3032 652 3074 res
675 3010 771 3075 simul
794 3033 828 3074 re
854 3033 928 3075 vera
951 3015 1083 3095 possunt
1105 3010 1222 3075 referri
1247 3015 1283 3076 ut

207 3142 285 3209 cist.
309 3143 386 3209 497.
419 3142 481 3208 Dei
503 3164 551 3207 me
570 3145 716 3227 perdant,
740 3180 784 3189 -
807 3144 819 3227 ΙΙ
840 3144 1057 3228 Quodcumque
1080 3151 1173 3228 optes,
1198 3143 1257 3209 tibi
1279 3165 1326 3209 ae·

527 3248 584 3314 tim
607 3249 791 3334 coutiuqerc.

314 3381 530 3468 Quodcumque
552 3390 635 3469 optes
657 3383 717 3447 hoa
741 3383 810 3448 1000
832 3385 917 3448 idem
933 3385 1001 3448 fere
1018 3388 1067 3448 001
1083 3387 1179 3468 atque
1195 3383 1232 3448 id
1247 3384 1328 3470 quod

207 3486 264 3553 tilri
286 3496 395 3575 eptas.
441 3489 695 3554 Detestationem
720 3491 805 3554 enim
828 3489 1061 3555 Alcesimarohi
1086 3490 1244 3555 malitiose
1269 3513 1325 3574 pro

208 3598 280 3660 voto
303 3594 402 3660 habet
424 3595 589 3660 Melaenis.

313 3702 379 3767 Leo
413 3702 463 3766 his
490 3704 618 3787 quidem
653 3704 759 3769 verbis
794 3704 834 3768 ad
869 3703 960 3787 Oapt.
989 3704 1053 3768 237
1090 3701 1325 3768 coniunctivum

207 3831 284 3893 aqus
318 3809 474 3892 explicat:
514 3808 745 3889 „commortuus
779 3809 964 3874 attractione
997 3810 1143 3895 duptec“.
1192 3811 1255 3875 Sed
1288 3810 1324 3874 de

207 3918 340 3981 externa
362 3916 537 3980 formarum
562 3917 752 3980 attractione
777 3940 849 3981 eum
873 3917 1014 4002 cogitare
1037 3921 1173 4000 apparet
1196 3939 1235 3981 ex
1254 3939 1325 3982 rer·

315 4142 334 4209 ¹)
351 4145 473 4197 Mueller
492 4145 625 4198 'Nachtr.’
645 4163 672 4212 p.
692 4147 751 4200 141.

314 4229 334 4300 ‘)
352 4233 404 4303 Ep.
424 4232 485 4302 196,
504 4233 563 4284 Μ11.
583 4232 644 4299 215,
664 4233 702 4286 St.
723 4234 783 4301 715,
802 4234 879 4286 Trin.
899 4234 959 4293 981.
