3076 5190
712 629 755 641 -
781 588 845 658 las

359 774 401 840 b'.
459 770 621 838 Incertum
662 775 711 836 ast
749 776 856 835 utrum
894 769 976 834 ooni.
1016 767 1155 852 parienti
1196 789 1240 831 an
1279 766 1371 832 futiri

251 881 316 946 ind.
340 882 384 946 ait

250 987 334 1053 Rud.
350 989 446 1052 1242.
464 985 553 1050 Mite
573 986 669 1050 istaec
691 983 815 1049 uidetur
835 983 956 1068 proedo
976 981 1166 1066 praedatum
1189 980 1282 1060 irier,

469 1095 600 1159 Utrum
622 1094 742 1156 maiore
763 1091 832 1155 dote
853 1089 942 1153 obeat
964 1109 1078 1173 quom
1101 1086 1329 1164 advenerit,

249 1202 311 1266 nisi
334 1202 418 1286 quod
441 1200 678 1266 eoniunetirum
702 1197 903 1262 commendat
925 1193 1019 1259 Troe.
1044 1194 1098 1261 96.

356 1327 398 1393 b·.
444 1328 505 1392 Sed
528 1327 562 1390 in

247 1431 300 1497 Ps.
325 1433 399 1497 882.
457 1433 505 1497 itu
531 1470 569 1479 -
594 1432 758 1495 cordiam:
785 1429 829 1493 Ut
850 1431 1044 1514 quisque·
1067 1426 1312 1510 eustonerit,

461 1539 558 1624 Ipsus
576 1539 637 1602 siti
656 1536 778 1620 faeiem
794 1544 828 1599 ut
843 1533 959 1619 dieitos
976 1533 1152 1618 proerodot
1165 1555 1252 1614 suos,

247 1647 302 1711 ubi
325 1669 345 1711 a
367 1647 584 1731 eomparativa
616 1648 697 1710 sent.
722 1642 870 1728 periodus
903 1640 1027 1724 incipit,
1051 1639 1251 1706 indicativus
1274 1641 1363 1705 futuri

245 1754 442 1837 probabilior
464 1758 524 1819 est.

700 1910 910 1921 -.——

351 2055 391 2139 §g
415 2057 445 2120 2.
485 2053 783 2120 Coniunotivus
807 2054 847 2134 a)
867 2055 901 2118 in
924 2050 1057 2116 infinitis
1080 2051 1255 2115 sententiis
1274 2050 1360 2116 alieni

243 2164 396 2246 temporis
430 2170 463 2227 et
496 2163 537 2245 b)
576 2162 610 2225 in
644 2160 784 2225 definitis
825 2160 877 2225 vel
908 2158 1127 2224 coniunctirus
1164 2159 1273 2242 apud
1307 2158 1359 2222 rei

242 2273 430 2354 sumptae
462 2269 784 2333 coniunctirum.

349 2410 399 2494 a).
445 2410 671 2477 Coniunctivus
695 2411 728 2475 in
753 2410 943 2475 infinitis
977 2410 1225 2487 sententiis,
1265 2432 1358 2496 quae

241 2539 318 2582 non
352 2518 534 2583 eiusdem
565 2517 768 2601 temporie
799 2521 895 2581 aunt
924 2520 1047 2601 atque
1071 2517 1173 2582 ooni.
1197 2539 1357 2604 regens,

239 2623 353 2689 iisdem
375 2624 503 2710 legibus
526 2626 642 2711 quibus
664 2624 698 2688 in
721 2623 862 2688 definitis
889 2624 1056 2687 sententiis
1078 2625 1253 2707 provenire
1278 2625 1358 2690 vide·

239 2736 302 2797 tur.
349 2728 413 2796 Sed
436 2730 516 2796 haee
540 2732 607 2796 sola
629 2734 704 2795 sunt
726 2729 876 2795 Plautina
899 2730 1063 2814 exempla:

238 2857 331 2940 capt.
352 2856 428 2923 466.
453 2856 559 2943 Neque
579 2854 813 2921 ἱείκηὶοείονωη
837 2892 878 2901 -
1056 2884 1060 2891 ·

457 2963 533 3029 Vidi
555 2985 609 3028 nee
631 2962 705 3051 quoi
726 2961 834 3027 minus
853 2963 1001 3047 procedet
1026 2962 1226 3050 quiequid
1257 2968 1358 3050 faeere

557 3069 769 3156 occeperit.

236 3177 289 3245 Ps
314 3178 390 3243 488.
452 3178 590 3243 Probum
612 3186 734 3263 patrea
757 3198 820 3241 esse
842 3184 969 3261 oportet,
992 3176 1049 3262 qui
1069 3185 1202 3261 qnatrem
1225 3202 1314 3246 auom

449 3285 526 3350 Esse
545 3283 733 3370 probiorem,
756 3305 872 3369 quom
893 3282 983 3368 ipsus
1003 3283 1153 3366 fuerit,
1175 3290 1320 3371 postulet.

235 3389 292 3457 cfr
314 3389 408 3456 Most.
432 3391 563 3457 see-7
588 3413 694 3476 supra.

341 3535 392 3617 b).
439 3533 740 3601 Coniunctivus
773 3534 814 3598 in
848 3532 1046 3598 definitis
1079 3537 1320 3603 sententiis.

339 3656 378 3724 In
411 3660 552 3725 definitis
586 3659 753 3724 sententiis
787 3658 899 3724 modus
929 3658 1065 3723 adeum
1088 3665 1258 3745 regentem
1282 3684 1355 3729 oon·

232 3764 409 3831 iunetirum
443 3765 628 3845 attrahitur,
663 3766 714 3831 oui
748 3766 859 3830 eadem
895 3765 944 3830 ris
977 3770 1010 3830 et
1043 3766 1242 3852 significatio
1274 3792 1354 3856 quaa

232 3872 293 3937 rei
322 3877 508 3957 sumptae
532 3872 801 3938 ooniunotivo
824 3873 969 3938 absoluto
991 3871 1148 3939 inhaeret
1196 3873 1354 3951 Quoniam

231 3982 337 4045 autem
373 3979 606 4045 eondioionales
640 3981 815 4044 sententias
849 3980 912 4044 iam
937 4001 992 4063 pp.
1018 3981 1193 4046 123-132
1217 3984 1352 4063 absolvi,

231 4090 340 4166 restat,
375 4090 412 4151 ut
434 4108 505 4151 eum
529 4086 764 4151 eoniunotirum
790 4090 955 4171 regentem
979 4091 1125 4166 tractem,
1148 4089 1206 4173 qui
1230 4091 1273 4155 ad
1297 4092 1353 4156 ab·

229 4190 366 4257 solutum
389 4193 625 4260 eoniunotivum
648 4214 720 4257 oum
739 4193 960 4279 indignatione
976 4194 1206 4280 interrogantis
1222 4218 1352 4283 respon·

229 4295 295 4362 det.
340 4296 523 4365 Cuiusmodi
558 4299 638 4365 oeni.
674 4303 724 4365 est
756 4322 820 4366 nou
853 4300 955 4366 solum
978 4301 1012 4366 in
1035 4303 1240 4369 oonseoutiva
1263 4309 1298 4370 st
1319 4305 1352 4370 in

210 4774 397 4885 A
