3076 5190
665 563 866 627 -156-

205 739 288 816 Quin
324 742 356 805 in
391 740 486 806 Truc.
511 740 642 806 96-97
679 739 899 806 coniunctivus
928 740 1133 805 attractionis
1160 743 1333 809 antecedit:

207 848 362 912 adveniat.
409 847 471 912 Sed
507 849 539 911 in
575 847 689 910 Militis
724 847 871 930 exemplo
906 849 932 910 si
961 847 1128 912 absolutus
1155 852 1208 913 est
1230 872 1334 914 versus
1413 906 1415 915 .

209 955 273 1020 743
298 958 331 1018 et
354 977 416 1019 non
440 959 572 1038 repente
596 953 798 1037 abrumpitur
820 955 922 1018 oratio
947 978 966 1018 a
989 953 1067 1039 quin
1091 956 1244 1038 pendens
1268 963 1335 1041 post

206 1062 259 1125 ubi
283 1096 325 1107 —-
350 1061 513 1125 continuos
547 1063 597 1142 sit,
633 1061 729 1125 etiam
767 1061 852 1126 inv.
879 1058 942 1126 742
977 1061 1208 1127 coniunctivus
1240 1062 1334 1146 fucrit

207 1168 393 1252 potentialis
429 1190 496 1231 esse
533 1172 639 1251 potest
672 1166 836 1248 (ubi=si
869 1189 929 1253 quo
963 1169 1036 1246 loco,
1068 1168 1118 1233 cfr
1145 1169 1249 1236 Mero.
1274 1171 1332 1234 359

208 1297 238 1358 p.
266 1275 352 1357 128).

207 1381 277 1447 Mil.
310 1383 383 1447 149.
419 1381 587 1445 Focicmus
610 1389 644 1444 ut
667 1381 749 1466 quod
772 1382 882 1445 viderit
907 1403 966 1445 uon
991 1382 1116 1448 ruderit.

314 1516 355 1580 δ’.
402 1514 552 1599 Sequitur
576 1515 711 1579 relativa
734 1519 827 1580 sent:

207 1619 402 1687 lnAs.122.
421 1623 517 1686 etiam
541 1623 671 1706 obliqua
694 1621 776 1686 ratio
799 1626 848 1686 est
870 1627 912 1698 (v.
939 1646 967 1706 p.
993 1624 1058 1698 81).

207 1728 275 1794 Mil.
307 1730 382 1794 369.
418 1729 601 1814 Numquam
623 1730 722 1792 berete
744 1729 918 1792 deterrebor

421 1835 506 1914 Quia
529 1837 659 1900 viderim
682 1836 724 1899 id
746 1837 848 1921 quod
870 1834 1053 1900 viderim.

383 1942 555 2027 [deterrebo
579 1942 644 2021 cl),
670 1943 752 2027 quod
775 1943 888 2007 uiderit
912 1940 963 2018 13¹,
988 1965 1068 2007 corr.
1094 1940 1157 2028 B2]

314 2069 443 2151 Anceps
467 2068 556 2133 verbi
580 2067 704 2150 species
728 2070 777 2130 est
800 2066 834 2129 in

207 2175 323 2240 Bacch.
340 2175 417 2239 340.
446 2215 479 2223 -
508 2194 679 2258 uuruquum
702 2180 729 2236 te
751 2173 937 2254 morabitur,

444 2279 528 2359 Quin
551 2280 663 2343 babeas
684 2278 776 2359 illud,
800 2301 873 2365 quo
896 2279 947 2343 dic
970 2281 1046 2343 illuc
1068 2282 1248 2348 ceucris.

207 2404 269 2470 Sed
297 2427 368 2468 cum
395 2406 435 2469 ad
463 2404 654 2469 sententiam
680 2403 865 2487 temporalis
895 2404 938 2467 sit
963 2402 1044 2467 haec
1070 2406 1266 2486 enuntiatio,
1289 2406 1333 2470 in·

208 2513 373 2589 dicativus,
386 2512 490 2588 credo,
505 2515 553 2575 est
565 2514 599 2574 ut
612 2511 644 2574 in
656 2509 886 2594 temporalibus
898 2532 978 2594 quas
995 2511 1194 2594 reperiemus
1214 2535 1246 2596 p.
1262 2514 1332 2577 1-61.

315 2645 356 2710 b⁸.
404 2644 491 2709 Inter
524 2645 709 2728 primariam
734 2648 766 2707 et
789 2648 954 2728 regentem
979 2645 1173 2708 sententiam
1201 2647 1335 2711 relativa

208 2757 288 2818 seut.
314 2753 419 2838 posita
442 2756 506 2817 est:
1061 2792 1063 2796 >

208 2859 303 2925 Most.
321 2861 396 2924 412.
430 2860 542 2922 Verum
567 2857 602 2921 id
624 2856 830 2939 videndumst,
854 2857 890 2922 tu
912 2857 974 2921 m'ri
997 2856 1108 2922 doctiet
1131 2880 1223 2943 opus,

422 2967 528 3045 Quae
552 2966 784 3049 dissiprrutc
807 2963 893 3028 siut
916 2972 943 3028 ct
965 2966 1054 3046 factu
1077 2968 1232 3049 nequiter,

424 3073 610 3157 Truuquitle
633 3080 744 3134 cuucto
760 3078 788 3134 et
803 3079 838 3135 ut
850 3074 1037 3156 proueniunt
1055 3073 1123 3136 siue
1139 3069 1226 3157 [mo]
1243 3075 1335 3138 mab.

212 3177 313 3262 [docte
335 3188 379 3243 est
403 3177 514 3257 3¹01),
539 3177 620 3242 docti
644 3186 687 3241 est
710 3178 737 3241 B
761 3201 800 3241 ex
825 3201 898 3256 rasi
923 3177 1099 3264 diasipuctc
1114 3176 1168 3256 B¹3
1193 3178 1337 3265 nequitia

597 3284 682 3361 libri,
708 3307 789 3350 corr.
815 3283 938 3370 Dousa]

317 3407 447 3494 Anceps
471 3410 561 3473 verbi
584 3409 707 3492 species
731 3412 780 3472 est
802 3409 835 3472 in

210 3516 307 3581 Poen.
323 3518 396 3582 702.
420 3515 552 3598 focium,
578 3516 645 3579 ubi
668 3523 701 3578 tu
726 3515 894 3593 lucerio,

421 3622 475 3686 Ibi
498 3630 533 3686 ut
556 3620 716 3686 butuiotor
737 3619 839 3703 faciat
863 3621 1116 3707 uupucutmu'cm.

667 3728 801 3812 [luceres
823 3726 881 3813 Α.]

316 3835 377 3901 Sed
402 3837 516 3900 desunt
540 3835 698 3919 exempla,
722 3857 803 3918 quae
827 3836 964 3919 probent
987 3835 1196 3899 indicativum
1222 3859 1304 3902 esse.

317 4050 388 4114 Duo
412 4072 450 4114 ex
474 4049 524 4113 his
548 4054 622 4112 sunt
646 4050 801 4132 exempla,
828 4050 860 4112 in
884 4049 1000 4133 quibus
1022 4049 1245 4114 coniunctivus
1262 4074 1335 4135 per·

210 4157 287 4221 fecti
323 4157 457 4221 forsitan
493 4156 543 4220 cui
579 4156 786 4224 videaturad
812 4159 933 4224 certam
958 4177 1026 4219 rem
1050 4156 1260 4238 praeteritam
1286 4180 1336 4222 re·

209 4263 348 4351 spicerez
687 4247 689 4250 Α
