3076 5190
676 569 848 633 -50-

206 746 290 811 modi
325 750 420 831 alque
455 747 488 810 in
523 748 720 831 paralaotioa
742 749 899 826 iunctura,
932 754 967 815 ul
989 749 1083 815 Most.
1109 748 1257 829 216-7,
1281 751 1324 812 st.

206 854 360 921 519—20
375 854 409 938 ¹).

313 978 365 1043 Ad
388 981 580 1045 sententiam
603 980 666 1045 huo
689 981 830 1066 pertinet
853 981 949 1046 etiam

205 1090 274 1169 Mil.
300 1104 375 1170 664.
419 1104 585 1170 Leniorem
608 1104 691 1171 dices
713 1107 769 1187 (sc.
786 1129 833 1171 me
855 1107 932 1186 esse)
947 1127 1040 1191 psam
1056 1112 1208 1170 malumst
1225 1125 1322 1168 mare.

442 1210 542 1296 [dicas
555 1241 596 1265 =
609 1211 666 1276 libi
686 1215 849 1297 persuade,
872 1213 923 1278 vel
946 1210 1090 1296 offiano]

312 1405 355 1471 Π.
402 1407 448 1472 At
482 1413 573 1492 post
607 1410 775 1474 dioendi
810 1432 936 1494 quoque
971 1410 1098 1474 verba
1120 1408 1323 1484 indioalivua

207 1537 400 1600 quamquam
428 1515 590 1599 obliquam
615 1517 790 1581 orationem
815 1539 873 1581 usu
896 1518 1004 1582 venire
1027 1516 1175 1591 vidimus,
1198 1514 1247 1579 ia
1269 1515 1324 1579 in·

207 1622 366 1687 terdum
390 1625 546 1695 servatur.
570 1627 606 1687 ut
629 1622 763 1699 eluceat,
787 1621 821 1687 ΙΙ
844 1646 1046 1708 personae
1070 1622 1210 1688 verbis
1245 1623 1325 1686 ius·

207 1729 312 1794 siris
349 1752 426 1794 non
463 1730 594 1815 magis
633 1731 758 1795 affici
795 1731 1024 1796 orationem
1062 1729 1325 1794 subiunolarn

208 1859 323 1921 quam
346 1835 363 1900 l
386 1858 588 1920 personae
623 1838 840 1903 vocabulis
868 1842 938 1903 aul
960 1836 1324 1926 impersonalibus.

208 1943 296 2020 Quae
320 1944 402 2009 ratio
425 1967 487 2010 non
511 1945 591 2009 mira
615 1949 674 2024 est,
698 1946 725 2008 si
748 1946 937 2024 consideres,
962 1951 996 2010 el
1017 1944 1175 2009 sentiendi
1191 1945 1325 2009 verbum

209 2050 302 2136 quale
326 2050 457 2136 capituto
480 2052 520 2117 ad
543 2053 734 2117 sententiam
758 2074 820 2117 non
845 2053 962 2117 distare
986 2050 1208 2136 alpersonae
1226 2052 1325 2115 verbo

209 2157 303 2243 quale
326 2179 431 2222 moneo
454 2162 510 2223 aut
533 2159 753 2242 impersonali:
776 2158 976 2245 mondum
998 2167 1053 2238 est,
1069 2162 1102 2223 et
1125 2180 1183 2242 pro
1199 2157 1325 2223 dicendi

209 2266 307 2330 verbo
330 2264 424 2349 quale
448 2264 543 2331 dioilo
565 2265 660 2331 facile
683 2267 834 2331 substitui
857 2277 949 2351 posse
973 2264 989 2329 Ι
1013 2287 1166 2350 personae
1190 2264 1325 2329 formam

210 2375 246 2437 ut
265 2371 422 2457 promitto,
445 2371 482 2437 id
503 2371 621 2439 dictam
644 2375 709 2438 volo
732 2373 784 2439 rel
807 2374 971 2438 eiusmodi.
1017 2373 1068 2437 Sia
1092 2372 1163 2436 dieo
1184 2393 1248 2437 non
1266 2372 1326 2435 mi·

209 2501 280 2544 rum
314 2501 393 2555 esse,
428 2480 455 2543 si
488 2481 559 2564 quis
582 2480 742 2545 interdum
766 2477 798 2544 11
822 2501 976 2564 personae
1000 2481 1098 2545 verbo
1121 2479 1241 2544 iussivo
1264 2485 1326 2562 po·

210 2587 294 2651 tius
317 2609 362 2651 ea
385 2587 558 2672 subiungit,
584 2609 686 2672 quae
709 2588 799 2672 ipse
823 2589 900 2652 iam
923 2587 1068 2664 sentit,
1091 2607 1201 2670 quam
1225 2584 1327 2650 alte·

211 2693 297 2758 rius
332 2694 560 2759 orationem
595 2695 774 2760 futuram
811 2696 844 2772 (i.
869 2717 897 2759 e.
922 2695 999 2772 eius,
1035 2694 1086 2759 oui
1120 2693 1221 2757 verba
1253 2714 1327 2776 pro·

211 2799 343 2865 ferenda
365 2801 520 2883 mandat).
546 2837 585 2846 -
610 2801 732 2867 Eodem
755 2802 849 2867 modo
871 2802 1079 2866 indicativum
1095 2800 1216 2865 servari
1233 2821 1326 2882 posse

212 2910 283 2990 post
317 2906 416 2971 futuri
450 2909 603 2992 temporis
636 2909 744 2986 verba,
768 2931 849 2993 quae
873 2907 888 2972 l
912 2930 1066 2992 personae
1090 2911 1205 2985 essent,
1230 2928 1328 2990 supra

212 3014 319 3079 monui
342 3036 374 3098 p.
399 3015 452 3080 50.

319 3118 401 3197 Quin
436 3122 533 3186 eliam
568 3125 661 3207 post
692 3120 742 3187 Ill
768 3144 968 3208 personae
1006 3121 1132 3187 verba
1169 3120 1329 3186 iussiva

212 3227 420 3294 indicativum
443 3229 537 3294 facile
561 3230 692 3294 retineri
715 3252 807 3315 posse
823 3252 880 3295 suo
895 3230 964 3295 loeo
980 3253 1012 3314 p.
1031 3228 1104 3310 140)
1121 3227 1212 3312 quasi
1234 3248 1329 3311 prae·

212 3335 330 3399 leriens
354 3337 605 3402 commemoravi.

320 3582 340 3653 ¹)
367 3585 447 3648 Quae
475 3601 540 3640 cum
567 3586 608 3640 ita
635 3585 703 3653 sint,
730 3585 787 3639 iam
815 3585 946 3640 divinare
971 3584 1023 3638 tibi
1041 3585 1117 3652 lieet,
1136 3599 1222 3650 quam
1241 3598 1329 3651 prave

213 3674 346 3729 iudicarit
364 3677 490 3742 Draeger
507 3676 584 3742 (hist.
605 3677 684 3742 Synt.
703 3672 745 3728 11¹
763 3693 790 3742 p.
800 3675 871 3741 444),
891 3691 954 3728 curn
975 3675 1010 3726 de
1030 3673 1196 3740 indicativo,
1209 3673 1258 3739 qui
1271 3676 1329 3725 est:

302 3765 354 3830 Ep.
373 3764 434 3818 456.
471 3763 676 3827 Animodvorle,
695 3767 726 3817 at
744 3763 814 3832 quod
832 3780 878 3833 epo
896 3763 933 3816 od
952 3766 976 3816 te
994 3761 1070 3816 venio
1088 3759 1239 3830 inullipaa:

213 3853 255 3907 ita
272 3852 439 3907 dissereret:
471 3852 541 3907 «Die
559 3852 754 3922 Bcibehallaap
777 3852 823 3906 dea
840 3851 979 3905 Iadioaliv
996 3851 1045 3904 der
1062 3849 1184 3903 direktan
1202 3849 1277 3904 Beda
1293 3850 1331 3903 ia

211 3958 283 4012 ponz
302 3941 440 3995 abraomr.
466 3943 542 4006 Quin
555 3947 655 3996 contra
673 3959 709 3996 ne
729 3944 822 4010 potuit
840 3942 956 4008 quidem
974 3941 1005 3993 in
1023 3942 1086 3994 hoc.
1106 3957 1150 3993 ex.
1170 3941 1244 3993 coni.
1263 3938 1331 3993 obli·

215 4047 288 4098 quus
307 4033 449 4099 usurpari.

322 4120 372 4174 Gfr
391 4120 448 4174 (lic.
468 4123 522 4174 Pro
542 4122 629 4174 Sexto
648 4123 731 4174 Rosa.
751 4119 768 4187 ᾖ
787 4121 820 4173 67
840 4117 931 4173 Nolite
949 4118 1020 4172 enim
1035 4121 1146 4185 palare,
1160 4116 1207 4186 qai
1225 4115 1332 4186 aliquid

214 4208 299 4278 impia
318 4239 351 4247 -
370 4209 569 4273 commiserant,
597 4209 701 4278 opilari
728 4239 762 4246 —
787 4208 942 4262 Furiarum
962 4207 1055 4261 laedio.
1092 4207 1162 4274 §66
1187 4205 1332 4271 aarum,

215 4314 281 4373 quoa
297 4297 374 4354 uobis
387 4301 483 4370 poetae
502 4297 677 4353 tradiderant
695 4328 742 4364 -,
761 4301 794 4356 at
810 4313 853 4353 eoa
870 4297 974 4367 apiteal
991 4295 1118 4354 Furiae?
