3076 5190
685 561 861 647 ..30-

215 750 416 846 impiatis.
431 761 501 838 Seu,
525 759 649 841 mulier,
668 767 880 845 postquam
904 757 1188 843 experrectus,
1212 764 1241 821 te
1259 776 1338 841 pro-

534 867 648 953 dipiali
671 865 742 931 Ioci

430 1013 467 1023 -
493 981 715 1060 comprecatam
738 973 883 1058 oportuit.

213 1083 488 1150 Tristomos
511 1104 622 1168 quom
646 1080 788 1145 auiruum
811 1081 953 1165 opebot,
978 1088 1045 1144 tum
1067 1101 1130 1144 esse
1152 1078 1335 1165 offusa<m>

427 1189 564 1275 oportuit
586 1193 643 1269 (sc.
668 1191 807 1273 aquam).
887 1219 894 1233 ·

213 1441 304 1526 capt.
330 1443 394 1507 955
423 1465 451 1506 v.
480 1466 509 1525 p.
535 1438 602 1506 26².

213 1548 297 1614 Men.
322 1550 398 1614 329.
426 1548 482 1612 Ire
505 1549 604 1612 terete
626 1546 752 1612 meliust
772 1555 802 1627 *te
824 1545 954 1613 interim
977 1554 1068 1632 atquc
1091 1547 1276 1623 accumbere,

426 1657 526 1721 Dum
549 1677 600 1739 epo
624 1655 698 1718 leocc
720 1675 883 1738 oppono.

211 1761 309 1826 Mera.
325 1763 398 1829 656.
425 1764 549 1842 Quanto
583 1771 611 1826 tc
645 1760 758 1825 satiust
792 1760 978 1846 ruentique
1001 1759 1097 1839 abire,
1122 1759 1167 1824 ibi
1190 1783 1261 1839 esse,
1286 1760 1332 1825 ibi

531 1867 639 1949 uicere,

424 1977 524 2040 Adeo
558 1977 640 2039 dum
674 1973 765 2039 itlius
797 1983 824 2038 te
847 1973 1005 2058 cupiditas
1029 1983 1119 2059 atquc
1142 1995 1232 2037 omar
1254 1973 1330 2038 mis·

531 2103 601 2146 sum
622 2080 729 2164 facit?

211 2189 308 2255 Persa
321 2190 396 2255 448.
422 2190 506 2253 Dum
531 2197 605 2267 stas,
629 2187 763 2252 reditum
787 2186 932 2272 oportuit.

211 2296 431 2361 Pseuanmo.
448 2297 541 2360 Dum
565 2317 690 2359 receus
713 2302 765 2358 eet

448 2403 533 2468 Dum
558 2404 645 2478 colet,
670 2403 744 2465 dum
767 2402 873 2479 datur,
898 2401 1041 2466 decorari
1064 2402 1144 2464 decet
1167 2402 1189 2484 †
1212 2410 1285 2465 tom.

424 2507 486 2593 [sie
510 2509 551 2588 A,
575 2510 650 2572 dum
674 2509 772 2572 datur
794 2509 869 2571 dum
893 2509 971 2571 colet
994 2506 1108 2591 ceteri]

209 2739 278 2805 Mil.
305 2741 401 2804 1329.
445 2739 573 2805 Obsecro
598 2739 667 2806 licet
690 2738 857 2824 complecti,
881 2738 1067 2825 priusquam
1089 2738 1262 2823 proficisco.

315 2968 356 3035 ΙΙ.
405 2972 449 3035 At
472 2973 644 3036 indicativo
668 2973 785 3056 passim
810 2972 999 3056 exprimitur
1022 2972 1224 3045 moratione,
1242 2995 1325 3057 quae

208 3079 249 3142 ab
284 3078 488 3162 impersonali
518 3081 616 3143 verbo
640 3080 767 3163 pendet,
793 3080 888 3143 etiam
914 3079 945 3143 id
970 3079 1067 3163 quod
1092 3079 1328 3162 simpliciter

207 3186 385 3263 sumitur,
410 3186 591 3269 etquidem
616 3207 742 3269 semper
765 3187 792 3250 si
816 3186 982 3269 praeteriti
1006 3187 1158 3269 temporis
1183 3191 1232 3249 est
1253 3209 1325 3251 ver·

210 3293 282 3354 bum
306 3292 485 3356 secundarii
511 3293 677 3356 enuntiati.

316 3435 344 3498 l.
391 3433 684 3499 Condicionales
708 3435 894 3513 sententiae,
919 3457 1000 3519 quae
1025 3436 1056 3498 in
1081 3435 1189 3500 Plauti
1205 3437 1324 3502 fabulis

207 3541 418 3622 reperiuntur,
454 3541 706 3605 indicativum
741 3541 837 3626 vulgo
869 3546 997 3606 servant
1009 3539 1043 3623 ¹).
1102 3541 1171 3606 Nec
1196 3544 1322 3609 mirum.

206 3644 304 3710 Nulla
340 3647 422 3711 enim
459 3651 508 3711 est
542 3648 699 3712 sententia
731 3649 816 3712 intra
839 3649 995 3712 infinitam
1022 3650 1195 3732 periodum,
1220 3672 1323 3734 neque

206 3756 254 3816 est
278 3753 343 3816 ulla
365 3754 465 3818 futuri
489 3755 640 3838 temporis
663 3755 833 3832 sententia,
857 3756 889 3818 in
914 3779 976 3838 qua
995 3757 1102 3820 modus
1120 3757 1233 3840 dispici
1252 3780 1323 3841 pos-

206 3860 257 3924 sit.
304 3859 502 3924 contendere
526 3863 627 3945 igitur
649 3883 815 3944 possumus
839 3863 918 3938 iure,
952 3864 1029 3945 quin
1053 3865 1242 3943 necessario,
1267 3865 1324 3928 ad-

210 3965 343 4028 hibitum
370 3988 437 4029 esse
462 3967 669 4031 indicativum
694 3968 725 4030 in
751 3966 800 4030 his
824 3969 989 4032 sententiis
1014 3970 1297 4035 conditionalibus:

313 4211 332 4275 ¹)
359 4215 491 4267 Vidimus
519 4215 596 4267 enim
625 4232 712 4282 supra
739 4217 850 4269 nullum
875 4222 984 4270 certum
1013 4223 1128 4271 exstare
1156 4219 1321 4286 exemplum

205 4302 381 4356 coniunctivi
401 4303 606 4356 condicionalis
626 4306 787 4358 sententiae
807 4322 843 4358 ex
862 4307 925 4372 ipsa
944 4305 1147 4360 subiunctione
1166 4309 1297 4374 profecti.
