3076 5190
675 594 846 689 -ra‚-

206 773 325 860 Amph.
352 774 426 840 889.
457 782 548 860 etque
571 777 695 839 ‹rilinret
719 778 855 860 insuper,

454 882 547 946 Nolle
562 904 624 946 esse
639 885 723 946 dicto
746 905 840 968 qnae
860 887 894 945 in
910 904 958 946 nce
973 885 1125 946 insontem
1142 884 1318 966 protulit.

206 991 254 1052 cfr
265 989 350 1054 Men.
365 991 438 1053 972.
455 989 644 1053 Recordatur
660 991 702 1067 id,
719 993 782 1074 qui
805 991 920 1053 rrilrili
936 998 1038 1068 sonet,
1057 991 1133 1074 qnid
1151 988 1225 1072 [llis
1239 993 1322 1073 preti

455 1095 558 1159 Detur
581 1097 618 1158 ob
641 1099 708 1159 suis
731 1101 802 1159 eris.

569 1203 766 1283 (recordetur
778 1231 819 1256 =
833 1204 957 1284 moneo)

314 1320 346 1394 d)
370 1317 481 1383 Oratio
505 1319 633 1401 quidem
658 1320 788 1402 obliqua
812 1342 872 1383 non
897 1320 1001 1383 minus
1026 1321 1143 1383 exoriri
1159 1322 1274 1404 potest,
1296 1321 1321 1382 si

207 1429 246 1490 ad
282 1426 522 1490 universale
564 1427 794 1490 subiectum
830 1427 1003 1509 respiciunt
1038 1428 1215 1490 sententiae
1247 1428 1323 1490 sub-

208 1536 332 1598 iunctae
356 1536 392 1596 ut
414 1530 502 1595 Trin.
529 1534 693 1612 212-14,
722 1534 885 1611 740--43,

208 1648 296 1714 Trin.
320 1649 394 1714 549.
421 1647 508 1713 sien
530 1648 766 1730 fortnrrotornnr
789 1659 961 1712 mernerunt
986 1651 1117 1729 irrentus,

349 1772 352 1776 ’
421 1755 499 1834 Quo
523 1759 626 1818 cuneoli
648 1757 701 1840 qni
725 1764 853 1819 oetatem
877 1758 992 1840 coerint
1016 1764 1096 1819 coste
1119 1777 1208 1819 enom

424 1863 665 1928 Conveniunt.
701 1859 834 1946 [eqerint
858 1862 898 1940 A,
922 1872 1014 1926 -rnnl
1037 1860 1153 1946 ceteri]

316 1981 375 2043 Sed
412 1979 571 2042 interdum
604 1979 694 2041 nobis
718 1979 856 2041 occurrit
879 1979 1068 2042 indicativus
1093 1980 1123 2041 in
1148 1954 1325 2053 sententiis}

211 2109 292 2169 quae
317 2089 357 2150 ab
383 2087 536 2150 eiusmodi
560 2087 657 2149 verbo
680 2086 851 2149 universali
876 2086 1029 2169 pendent:

216 2202 313 2266 Poen.
332 2200 405 2267 956.
430 2202 518 2266 Eum
550 2203 660 2281 fecisse
683 2204 773 2264 cinon
797 2202 856 2264 stin·
878 2203 973 2285 qnod
994 2202 1216 2282 focinndnne
1238 2202 1324 2284 fnit.

423 2331 468 2373 or.
494 2312 598 2372 recta:
622 2308 695 2388 fecit
718 2308 776 2370 sibi
799 2310 880 2392 quod
902 2309 926 2388 s.
951 2308 976 2388 f.

212 2417 403 2481 Merc295.
428 2415 527 2481 Senon
561 2436 667 2499 qnonn
701 2416 848 2498 enternplo
883 2424 943 2494 est,
973 2419 1037 2478 inm
1061 2437 1115 2478 nec
1138 2419 1250 2480 seretit
1274 2437 1327 2479 nec

527 2529 640 2606 sopit,

424 2630 525 2693 Aiunt
548 2630 644 2691 solere
666 2650 733 2692 enm
759 2651 889 2691 curenno
909 2626 1166 2712 commonuere&

320 2762 397 2827 Post
419 2763 649 2826 nominativum
673 2784 700 2827 c.
724 2762 793 2826 infr

212 2879 327 2943 Bacch.
337 2881 411 2943 925.
426 2879 561 2942 Atridae
571 2879 631 2940 dcco
639 2879 758 2960 fratres
768 2879 869 2940 cluent
879 2878 987 2958 fecisse
997 2878 1125 2959 fucinus
1134 2900 1326 2959 monumen,

423 2986 543 3065 anonn
568 2986 693 3047 Priami
714 2987 852 3068 peticioni
879 3021 917 3028 -
943 2985 1193 3069 srebcyernnt.

321 3119 416 3184 Cuius
451 3119 616 3182 indicativi
649 3120 749 3182 multa
773 3119 975 3202 reperiuntur
998 3120 1144 3203 exempla
1167 3120 1198 3182 in
1225 3119 1328 3183 Fastis

213 3227 336 3293 Ovidii:
374 3225 420 3290 IV
456 3227 575 3304 87-9‚
615 3228 687 3304 114,
724 3224 1101 3304 795—6,v1257-8;
1138 3229 1178 3291 ab
1210 3227 1329 3311 imper·

211 3335 311 3400 sonali
348 3335 447 3397 verbo
470 3339 506 3396 ut
531 3335 626 3396 'lama
650 3335 708 3395 est'
733 3333 784 3395 vel
807 3334 902 3396 simili
927 3335 1081 3417 pendent:
1115 3331 1162 3398 IV
1187 3334 1328 3412 801--2,

215 3438 244 3503 V
269 3441 409 3518 625—6,
435 3444 598 3520 629-313
634 3447 705 3527 post
735 3443 853 3507 nomin.
878 3465 904 3505 c.
930 3443 996 3505 inl:
1023 3440 1069 3505 Ill
1094 3441 1257 3516 869--70,
1282 3439 1328 3504 IV

211 3550 375 3624 369-70,
401 3550 474 3614 533.

319 3655 464 3720 Forsitan
480 3657 543 3720 iam
566 3657 599 3719 in
622 3657 692 3739 ipsa
708 3656 879 3719 universali
896 3656 1042 3730 dictione,
1060 3655 1215 3738 siquidem
1234 3678 1329 3739 prae-

211 3765 309 3828 sentis
334 3765 486 3848 temporis
511 3770 568 3840 est,
582 3762 675 3827 huius
699 3763 863 3827 indicativi
880 3763 1050 3845 explicatio
1065 3763 1170 3846 posita
1185 3763 1236 3839 sit,
1257 3784 1327 3827 cum

214 3894 310 3954 saepe
334 3894 395 3935 non
421 3877 485 3935 tam
510 3871 724 3954 exprimamus
749 3870 884 3933 alienam
909 3890 976 3933 esse
1001 3871 1223 3949 narrationem,
1247 3893 1328 3954 quae

210 3979 268 4041 tali
303 3981 400 4042 verbo
432 3978 645 4062 subiungitur,
681 3999 775 4060 quam
811 3999 867 4040 nos
903 3977 986 4059 ipsos
1014 3976 1092 4039 illud
1117 3977 1273 4040 audivisse
1298 3984 1330 4041 et

320 4136 340 4202 ¹)
359 4140 397 4189 At
419 4138 475 4204 ipsi
488 4137 619 4202 obliquae
633 4137 755 4189 orationi
768 4137 933 4201 eloquente
946 4136 1100 4202 opponitur
1112 4137 1286 4189 indicativus
1299 4138 1329 4189 in

216 4228 297 4281 Cure.
318 4227 378 4280 504.
416 4224 491 4280 Eum
509 4242 566 4278 rem
579 4225 715 4293 fidemque
730 4225 853 4292 prindere,
875 4228 929 4277 torn
948 4225 997 4277 etsi
1015 4225 1055 4276 nit
1071 4223 1151 4292 fecit,
1170 4225 1257 4279 aiunt.

212 4319 255 4369 cfr
274 4334 318 4369 ex.
337 4334 364 4383 p.
386 4316 490 4369 12-13
508 4317 602 4368 allata.
