3076 5190
677 595 847 687 -ss-

312 801 346 880 α)
370 796 436 862 sivo
461 798 500 861 ad
524 802 627 862 certos
649 796 793 861 homines
818 802 873 862 aut
896 819 947 861 res
970 798 1065 862 simul
1087 802 1234 882 spectant
1250 776 1322 863 uud-

206 907 345 972 vorsales
369 906 558 982 sententiae,
584 926 665 988 quae
689 904 818 987 quidem
842 905 1019 988 praesentis
1042 907 1194 990 temporis
1217 906 1296 971 sint:

206 1041 324 1106 Bacch.
332 1041 406 1107 602.
419 1039 563 1125 Nequam
586 1060 648 1103 esse
670 1046 797 1124 oportet,
821 1037 895 1125 quoi
917 1046 982 1103 tom
996 1037 1242 1124 ioteoumeotom
1261 1038 1323 1105 im·

523 1147 693 1231 probumst.

296 1268 344 1342 [to
367 1262 610 1348 inteoumentum
633 1260 784 1347 inprobus
807 1283 837 1326 es
860 1261 943 1338 libri,
969 1283 1049 1327 corr.
1074 1261 1225 1348 Bothius]

208 1389 303 1453 Peeu.
322 1389 397 1453 823.
420 1386 506 1452 Satis
539 1395 737 1472 spectetumst
764 1388 834 1451 deos
863 1395 954 1472 atque
976 1387 1115 1452 homiues
1138 1387 1205 1452 eius
1228 1390 1325 1453 eecle-

523 1515 596 1579 9ere
616 1492 767 1580 oratiam,

421 1599 556 1684 Quo[h]e'
589 1600 710 1666 homiui
744 1623 816 1665 erus
851 1597 938 1687 e<s>t
960 1599 1143 1681 cousieuilis,
1167 1602 1249 1667 velut
1272 1623 1324 1687 eqo

527 1708 619 1773 dobeo
643 1708 725 1772 hunc
747 1705 936 1772 huiusmodi.

208 1821 251 1881 st.
279 1816 354 1881 232.
423 1815 510 1880 Haec
534 1814 664 1880 veniisse
686 1813 752 1879 iam
775 1836 853 1898 opus
876 1822 928 1897 est,
953 1823 1105 1900 quantum
1122 1823 1232 1901 potest.

314 1956 398 2022 Nam
423 1961 528 2023 utrum
552 1957 740 2022 universalis
764 1958 806 2021 sit
829 1979 929 2022 necne
952 1957 1032 2022 haec
1056 1957 1155 2023 futuri
1171 1958 1324 2043 temporis

207 2066 384 2130 sententia:

208 2182 286 2247 cist.
310 2183 363 2247 46.
422 2180 551 2246 Necesse
585 2189 628 2245 est
662 2202 734 2266 quo
768 2189 802 2246 tu
836 2201 884 2244 me
917 2181 1028 2245 modo
1054 2182 1160 2246 coles
1183 2202 1254 2264 esse,
1278 2180 1326 2246 ito

527 2309 590 2352 esse
612 2295 722 2365 moto,

209 2395 347 2460 dubitari
382 2397 489 2479 potest
523 2394 714 2478 comparatis
749 2395 866 2474 vorbis,
889 2416 971 2479 quae
1006 2398 1199 2479 sequuntur:
1226 2394 1325 2460 siito

207 2500 280 2575 eris,
305 2510 339 2565 et
361 2502 427 2565 eolo
450 2499 506 2582 (=
520 2505 556 2565 ut
578 2502 680 2567 nubas
703 2501 857 2584 cottidie).

316 2662 346 2744 β)
381 2662 512 2725 sivein
547 2662 709 2745 periodo
736 2683 824 2726 vero
859 2661 1019 2726 infinita
1042 2683 1144 2747 genus
1167 2663 1324 2747 quoddam

209 2768 373 2833 homiuum
398 2772 583 2833 antrorum
606 2768 796 2853 simpliciter
818 2769 954 2833 sumitur
977 2790 1013 2832 ac
1038 2769 1197 2834 definitur.

315 2902 455 2967 Perfecti
478 2903 544 2967 iud.
569 2906 633 2968 est:

210 3017 329 3102 Amph.
347 3019 422 3085 836.
448 3019 547 3098 Quae
570 3040 641 3083 ααα
664 3017 834 3104 deliquit,
859 3019 941 3083 decet
964 3019 1125 3084 Audacem
1147 3040 1219 3085 esse.

209 3125 306 3191 Poen.
331 3126 450 3191 9—10.

209 3240 286 3307 cist.
312 3242 389 3307 760.
444 3240 614 3327 Aequomst
632 3238 780 3326 (reponi)
795 3263 853 3326 per
866 3240 960 3323 fidem
978 3241 1074 3326 qood
1095 3240 1326 3306 creditumst.

209 3348 284 3415 Dat.
309 3371 336 3415 c.
360 3347 419 3414 inf.
444 3350 549 3414 estin
572 3348 649 3414 cist.
676 3350 796 3415 78-9.

316 3473 498 3539 Praesentis
521 3475 586 3538 iud.
611 3477 674 3540 est:

210 3580 265 3644 As.
291 3581 366 3645 217.
422 3589 569 3645 necessest
590 3580 694 3663 facere
716 3589 885 3665 sumptum,
917 3580 982 3666 qui
1015 3582 1163 3666 quaerit
1193 3581 1326 3645 lucrum.

210 3687 284 3752 Aul.
310 3689 384 3754 589.
424 3688 506 3752 Nom
542 3687 610 3774 qui
644 3709 695 3753 ero
729 3710 766 3752 ec
799 3687 951 3752 sententia
985 3687 1102 3753 servire
1135 3708 1237 3751 serves
1265 3709 1327 3772 po·

529 3796 656 3860 stolae

422 3903 464 3966 In
486 3923 575 3967 erum
598 3911 734 3982 motura,
759 3901 796 3967 αα
818 3924 849 3967 se
872 3924 942 3967 sero
965 3903 1104 3967 coudecet
1126 3923 1289 3988 capessere.

210 4008 409 4075 succusso.
429 4009 630 4094 Vorse'pellem
651 4008 743 4095 fruyi
766 4009 905 4074 eoooeue't
929 4031 991 4074 esse
1014 4007 1169 4074 homiuem

425 4114 559 4181 Pectus
582 4115 669 4202 quoe‘
691 4115 803 4201 sopit.

210 4223 296 4289 Men.
322 4223 396 4288 970.
425 4245 520 4288 crore
548 4245 643 4309 quom
666 4232 802 4288 uentrem
824 4231 941 4308 oportet

426 4328 556 4395 Potioro
580 4352 642 4396 esse
664 4329 751 4417 quoi
773 4351 826 4394 cor
848 4331 979 4395 modeste
1001 4328 1162 4395 situmst.

1204 4453 1222 4507 3
