3076 5190
672 584 868 650 -195-ό

208 756 295 826 1084
318 761 378 826 etet
400 760 600 848 battualia>
627 768 658 827 et
680 761 768 828 Tria.
790 766 874 829 1012
897 765 928 830 st
950 765 1124 849 abfflJm'c,
1147 760 1326 851 praesentis

207 869 272 933 ind.
309 869 347 933 de
386 871 547 953 praesenti
586 870 653 934 fere
693 871 818 935 actione
854 872 923 938 Mil.
955 873 1019 937 295
1054 872 1123 938 nisi
1154 874 1330 957 supprimis

207 975 264 1055 (=
277 975 463 1058 suppresse),
489 976 563 1043 Aul.
576 977 641 1042 585
665 977 695 1042 si
717 977 774 1043 boc
789 978 968 1044 conueduo.
988 1015 1029 1024 —-
1046 979 1083 1043 In
1099 981 1329 1065 temporalibus

208 1087 289 1148 sent.
316 1083 457 1148 futurum
483 1090 628 1148 exactum
652 1084 822 1168 quinquies
846 1086 1012 1164 retinetur,
1037 1085 1096 1151 tut.
1116 1087 1252 1171 simplex
1275 1088 1329 1151 vix

208 1190 283 1268 (nisi
306 1188 405 1254 Mero.
430 1190 494 1254 492
520 1214 550 1273 p.
578 1190 666 1271 183),
690 1192 867 1275 praesentis
890 1192 953 1256 ind.
980 1192 1019 1256 de
1043 1193 1175 1256 instanti
1198 1215 1232 1257 re
1257 1197 1330 1277 post

209 1295 286 1360 dum
309 1300 341 1360 et
359 1295 560 1378 priusquam,
586 1298 624 1361 de
649 1319 722 1362 vere
739 1298 900 1382 praesenti
917 1297 967 1364 Ps.
987 1299 1050 1364 683
1067 1319 1159 1379 quom
1180 1298 1329 1380 petimus.

209 1437 252 1451 -
276 1400 314 1466 ln
347 1403 490 1467 relativis
525 1407 606 1468 sent.
630 1404 773 1469 futurum
807 1405 943 1488 simplex
976 1427 1148 1490 numquam
1172 1407 1330 1471 retinetur

209 1513 294 1586 (nam
331 1509 481 1574 definitae
518 1516 591 1574 sunt
622 1515 702 1575 sent.
726 1510 808 1575 Rud.
835 1513 900 1578 634
924 1515 956 1575 et
980 1512 1073 1576 Most.
1101 1513 1211 1594 1095),
1235 1535 1329 1597 prae·

209 1616 308 1679 sentis
342 1616 407 1680 ind.
444 1639 505 1682 non
540 1617 600 1681 nisi
635 1618 676 1681 ad
711 1640 783 1682 vere
818 1622 944 1701 tempus
979 1640 1130 1702 praesens
1163 1623 1329 1702 spectans:

209 1720 261 1787 Ps.
287 1724 352 1787 850
376 1743 435 1803 quo
459 1723 628 1788 conductus
650 1723 790 1801 111111).

316 1827 382 1894 Ubi
412 1831 496 1894 inter
523 1831 707 1914 primariam
732 1834 766 1895 et
788 1836 953 1915 regentem
977 1832 1168 1895 sententiam
1192 1836 1257 1896 stat
1280 1855 1330 1897 se·

210 1937 362 2001 cundaria
386 1938 553 2010 sententia,
579 1937 679 2002 multo
703 1939 831 2022 quidem
856 1939 1006 2022 pauciora
1041 1943 1114 2003 sunt
1138 1940 1331 2005 coniunctivi

210 2044 357 2127 exempla
385 2044 440 2107 sed
467 2066 542 2108 usus
565 2066 628 2108 non
653 2045 787 2109 multum
811 2066 887 2109 sane
911 2045 1027 2109 differt.
1076 2045 1176 2110 Paulo
1199 2045 1329 2111 liberio·

213 2171 279 2213 rem
305 2172 373 2214 esse
397 2150 563 2215 indicativi
587 2173 677 2215 usum
702 2153 841 2216 ostendit
856 2153 1033 2236 praesentis
1050 2152 1115 2217 ind.
1132 2153 1171 2215 ad
1188 2153 1331 2217 futurum

210 2261 336 2341 tempus
370 2258 404 2321 in
439 2257 607 2342 temporali
643 2262 722 2323 sent.
752 2264 900 2343 spectans
935 2259 1028 2324 Most.
1054 2259 1116 2324 871
1154 2279 1246 2340 quom
1268 2258 1332 2322 u‘m·

206 2362 302 2446 ptuit,
327 2364 467 2448 itemque
489 2368 560 2448 post
583 2364 657 2428 dum
681 2364 738 2430 As.
763 2366 838 2437 531:
866 2402 904 2411 —
930 2370 963 2429 et
986 2367 1047 2431 duo
1071 2370 1158 2430 certa
1181 2365 1234 2429 hic
1257 2369 1332 2429 sunt

211 2469 270 2536 fut.
294 2471 458 2535 indicativi
483 2471 516 2534 in
539 2472 726 2536 condicione
749 2474 867 2536 servati
899 2472 1060 2556 exempla:
1097 2472 1187 2556 Capt.
1214 2472 1276 2538 747
1302 2471 1334 2536 11

159 2586 163 2595 ’
211 2576 328 2652 rebitet,
353 2576 440 2641 Tria.
468 2579 552 2642 1042
576 2578 606 2642 si
628 2579 824 2659 compellabo.
870 2577 1042 2642 Praeterea
1077 2578 1190 2642 similis
1225 2601 1332 2642 exem·

214 2684 336 2767 plorum
372 2685 454 2748 ratio
483 2689 540 2748 est.
588 2681 672 2749 Nam
696 2687 794 2750 verba
821 2685 956 2750 modalia
979 2688 1053 2749 sunt
1076 2684 1163 2749 Pers.
1189 2686 1254 2750 383
1278 2683 1335 2749 ube'

210 2790 302 2871 uoles,
327 2790 395 2854 Mil.
422 2792 507 2855 1084
530 2790 562 2854 st
577 2812 718 2874 possum,
744 2791 840 2857 Poen.
859 2793 933 2870 395,
959 2791 1029 2856 Cas.
1048 2792 1112 2855 206
1135 2790 1218 2872 quod
1232 2791 1333 2872 lubet,

212 2897 272 2963 fut.
296 2921 344 2964 ex.
370 2899 401 2963 in
426 2900 596 2982 temporali
620 2904 699 2963 sent.
725 2900 786 2984 Ep.
812 2901 876 2964 279
900 2899 971 2981 (fut.
997 2899 1134 2982 simplex
1158 2898 1239 2964 ltud.
1266 2899 1330 2962 558

212 3004 345 3070 fortasse
382 3029 443 3070 non
479 3007 623 3089 pendet);
659 3007 836 3089 praesentis
871 3007 936 3070 ind.
968 3006 1007 3070 ad
1035 3027 1108 3070 vere
1133 3028 1285 3089 praesens
1307 3009 1332 3068 t.

213 3113 387 3195 respiciens
422 3118 471 3177 est
505 3114 538 3177 in
573 3111 661 3176 Trin.
687 3114 749 3176 257
786 3111 842 3177 uti
874 3112 930 3194 qut
957 3119 1030 3194 eqet,
1067 3113 1151 3176 Men.
1178 3112 1242 3176 972
1278 3110 1336 3193 quc‘

212 3218 312 3284 111111
332 3225 414 3296 suut,
441 3219 518 3285 cist.
544 3221 585 3283 13
609 3240 691 3300 quoe
713 3256 757 3264 -
780 3218 931 3284 arbitror.

319 3323 384 3390 Ubi
420 3326 556 3409 denique
591 3326 625 3389 in
654 3326 745 3389 initio
768 3324 890 3409 periodi
913 3329 994 3389 sent.
1019 3326 1206 3390 secundaria
1230 3326 1333 3409 posita

214 3436 263 3496 est
296 3432 348 3496 vel
378 3432 431 3497 ubi
460 3432 573 3495 saltem
598 3434 630 3494 et
653 3430 777 3514 regenti
802 3430 980 3494 sententiae
1004 3433 1037 3492 et
1060 3431 1157 3494 verbo
1182 3430 1334 3513 primario

214 3540 384 3619 antecedit,
419 3538 610 3603 indicativus
643 3559 769 3621 semper
796 3537 863 3600 fere
888 3535 986 3618 (19¹“)
1010 3539 1171 3601 servatur:
1196 3536 1273 3619 quin
1297 3558 1334 3601 eo

214 3647 340 3711 facilius
375 3668 468 3730 quam
501 3646 586 3729 apud
610 3644 788 3709 absolutum
814 3643 1049 3707 coniunctivum
1074 3643 1194 3707 servari
1218 3643 1334 3725 potuit,

214 3754 299 3838 qnod
334 3753 518 3837 saepissime
553 3752 744 3817 indicativus
773 3752 863 3816 verbi
888 3750 1033 3834 primarii
1056 3749 1227 3814 intercedit
1250 3749 1335 3813 inter

323 3948 342 4015 ¹)
361 3948 539 4002 severiorem
567 3948 654 4013 igitur
681 3947 842 4013 reperimus
864 3959 929 3998 esse
948 3943 1126 3997 coniunctivi
1145 3959 1230 3995 usum
1249 3957 1334 4009 qnam

214 4040 292 4105 apud
319 4039 482 4092 absolutum
504 4037 730 4102 coniunctium,
758 4036 808 4088 ubi
836 4034 1004 4086 huiusmodi
1026 4034 1214 4086 indicativum
1233 4031 1335 4097 reperi-

214 4145 295 4181 mus:
324 4129 412 4180 Persa
430 4127 483 4179 524
510 4125 536 4178 is
558 4127 631 4178 curat
652 4123 778 4192 quicum
796 4121 969 4176 manebitur.
1008 4124 1093 4175 Most.
1113 4121 1166 4175 403
1184 4118 1247 4174 Neu
1265 4119 1335 4187 quie-

214 4233 297 4285 quam
323 4219 463 4285 responset
488 4213 595 4282 111111
615 4243 648 4250 -
664 4212 789 4281 pultabit
805 4227 896 4274 muca,
918 4229 955 4264 ne
974 4212 1030 4265 alia
1048 4227 1093 4264 ex.
1113 4225 1335 4263 commemorem

213 4306 251 4374 (v.
271 4324 298 4374 a·
319 4303 387 4373 1191
