3076 5190
667 545 863 609 -132-

616 721 652 785 Β.
698 725 914 787 Indioativua.

313 867 341 929 l.
388 863 584 929 Indioatirus
607 867 654 928 est
678 864 710 926 in
734 868 814 928 sent.
839 863 993 943 relativis,
1018 865 1072 928 ubi
1097 868 1155 928 aut
1179 887 1258 929 vera
1281 887 1323 928 res

204 994 353 1056 praesens
389 975 593 1056 eomparatur
627 976 682 1035 aut
712 971 839 1034 omnino
863 992 914 1033 res
938 992 1031 1036 verae
1056 971 1253 1055 simpliciter
1275 994 1323 1035 ex·

204 1080 374 1162 plicantur.

204 1201 259 1266 As.
286 1201 361 1265 860.
419 1200 478 1264 Pol
502 1198 537 1263 ret
559 1220 632 1263 vera
655 1198 717 1263 ista
741 1207 847 1279 essent,
872 1221 1045 1286 numquam
1061 1200 1180 1280 faceret
1197 1223 1234 1265 eo
1256 1223 1327 1287 quoe

523 1327 607 1370 nurse
629 1305 719 1387 facit.

287 1415 360 1480 503.
417 1414 555 1477 crederes
578 1433 661 1476 eruero
684 1413 766 1497 quod
788 1407 863 1492 sera.
889 1411 964 1498 [quo
977 1414 1011 1476 id
1026 1409 1111 1490 BD²,
1129 1412 1212 1498 quid
1222 1415 1258 1478 a·
1270 1411 1325 1496 D¹]

205 1520 296 1605 Capt.
320 1522 393 1586 705.
420 1519 502 1598 Quia
526 1541 600 1583 nera
622 1520 756 1583 obessent
779 1518 831 1582 itti
853 1518 926 1604 quoi
949 1520 1226 1604 operam‘dabam.
1256 1520 1324 1598 754,

206 1629 298 1693 Most.
324 1629 466 1692 241-2.

206 1732 280 1798 Aul.
304 1734 380 1797 439.
421 1729 512 1817 lt<t>
549 1731 602 1795 aa
634 1730 690 1795 titi
713 1741 780 1795 erat
804 1738 968 1817 neqote'um,
993 1733 1167 1814 adfectam
1190 1733 1221 1798 si
1244 1736 1325 1798 odes·

525 1860 572 1902 ses
595 1842 655 1902 eto.
703 1836 756 1921 [id
778 1839 862 1918 libri,
887 1839 932 1903 iti
955 1837 1114 1924 Guyetus]

313 2001 343 2062 2.
390 1997 427 2062 In
451 1999 683 2082 temporalibus
707 1999 874 2062 sententiis
898 1999 985 2064 item.

207 2124 267 2207 Ep.
293 2125 368 2188 628.
416 2123 511 2208 prius
534 2122 662 2188 venisset
689 2145 783 2208 quom
807 2132 840 2187 tn
870 2122 1034 2188 advenisti.
1081 2122 1250 2207 [eerr(is)se
1275 2124 1328 2210 A].

207 2231 276 2296 Mil.
302 2232 397 2296 1083.

207 2340 251 2402 St.
278 2338 351 2401 510.
428 2338 534 2401 Vocem
557 2358 609 2422 eqo
633 2345 660 2400 te
685 2374 737 2415 —,
760 2337 864 2418 freter
888 2345 956 2401 tuos
979 2337 1044 2401 erist
1067 2336 1200 2402 descisset
1223 2338 1304 2402 eniti

424 2444 466 2508 Te
499 2445 585 2528 apud
607 2466 638 2508 se
661 2452 842 2508 cenaturum
867 2465 929 2508 esse
951 2443 1050 2523 hodie,
1085 2465 1198 2530 quom
1221 2466 1270 2510 me
1292 2446 1332 2508 od

528 2573 559 2614 se
582 2573 686 2615 cenom
711 2560 834 2616 vocat.

255 2654 398 2738 [nisiex
422 2656 457 2720 ni
480 2657 520 2736 A,
545 2660 609 2721 nisi
632 2657 667 2736 P;
692 2658 787 2721 adse
810 2657 850 2730 A,
876 2658 918 2721 od
940 2680 1002 2722 esse
1026 2657 1091 2733 OD,
1117 2659 1160 2721 ad
1184 2680 1215 2721 ee
1242 2656 1285 2743 B]

662 2882 873 2889 ——--—--—

208 3086 243 3150 2.
291 3085 572 3151 Coniunctivus
601 3085 840 3148 dubitatirus
867 3084 928 3148 vel
951 3106 1031 3149 oum
1054 3085 1331 3169 indignatione

331 3190 615 3275 interrogantis
640 3192 757 3254 estin
781 3191 965 3274 primario
990 3192 1204 3257 enuntiato

255 3405 284 3448 α.
332 3384 572 3449 Praesentis
606 3388 661 3450 aut
690 3387 875 3468 perfecti
898 3387 980 3451 coni.
1005 3387 1109 3450 estin
1134 3387 1291 3470 primario

685 3493 859 3557 enuntiato.

316 3669 356 3733 A.
404 3668 638 3734 Coniunctivua
673 3669 706 3732 in
740 3671 928 3734 secundaria
957 3671 1116 3734 sententia
1140 3671 1244 3735 oritur
1268 3695 1331 3736 non

210 3777 310 3842 solum
336 3776 363 3839 si
387 3774 575 3852 infinita,
608 3777 662 3839 sed
687 3776 783 3839 etiarn
808 3777 892 3840 haud
917 3799 988 3841 raro
1011 3778 1038 3840 si
1063 3777 1251 3841 definita
1275 3782 1334 3843 eat.

318 3917 525 3982 Praemittam
560 3918 656 3981 etiarn
692 3917 744 3981 hio
779 3941 832 3982 eas
867 3919 1024 4002 periodon,
1059 3920 1091 3982 in
1115 3919 1234 4002 quibus
1257 3942 1333 3984 oon·

210 4025 369 4090 iunctivus
404 4025 610 4088 secundariae
645 4026 822 4089 sententiae
854 4047 979 4089 nonen
1004 4024 1234 4090 assimilatione
1260 4048 1332 4109 pro·

212 4132 309 4210 venit,
345 4132 400 4194 sed
435 4152 524 4193 suam
560 4130 658 4194 habet
689 4132 753 4195 vim
778 4153 839 4195 non
864 4131 967 4195 minus
992 4154 1087 4215 quarn
1112 4132 1335 4198 ooniunotinus

211 4258 336 4322 regens,
362 4241 397 4300 ut
