3076 5190
681 549 850 612 ..24-

208 726 370 790 includere
394 727 465 791 ideo
488 748 549 790 non
572 726 657 803 licet,
635 727 757 810 tquia
781 730 925 809 apertum
951 731 1007 804 est,
1033 726 1116 790 inter
1139 749 1172 789 se
1192 748 1327 810 respon-

210 833 336 898 derev.
362 834 469 898 555-
473 835 560 897 lit
527 839 560 898 et
595 834 701 897 557-
707 833 726 897 8
761 856 823 898 non
859 834 961 897 minus
993 855 1088 917 quam
1113 833 1218 897 559-
1227 834 1329 898 60et

210 939 350 1004 561-2.
393 938 473 1016 Quin
499 962 538 1004 ex
561 939 621 1003 hac
646 940 714 1022 pari
740 960 887 1002 versuum
910 941 1070 1003 structura
1093 939 1222 1023 singula
1245 938 1326 1002 mihi

209 1046 318 1110 vident
304 1050 357 1110 tur
373 1069 440 1111 esse
458 1047 665 1110 emendanda.
699 1043 890 1109 Ordior't
829 1047 890 1129 igit
891 1068 929 1109 ur
944 1069 963 1109 a
984 1068 1013 1110 v.
1031 1047 1132 1120 5575
1123 1068 1157 1109 ιιι
1172 1068 1236 1130 quo
1252 1069 1325 1110 cum

208 1151 337 1218 Goetzio
371 1159 403 1217 et
437 1152 594 1218 Schoellio
628 1155 759 1216 verbum
802 1173 935 1236 aequum
968 1174 1078 1217 verum
1114 1175 1181 1217 esse
1217 1153 1326 1217 credo.

208 1258 340 1324 Frustra
375 1264 482 1324 autem
516 1260 568 1323 illi
596 1259 857 1343 interrogationis
880 1260 973 1343 signo
996 1258 1054 1324 hos
1077 1282 1187 1324 versus
1212 1261 1326 1324 distin·

208 1370 323 1431 xerunt
334 1363 368 1443 ¹).
415 1365 539 1431 Ironica
563 1367 648 1431 enim
671 1370 720 1430 est
743 1367 866 1431 dicendi
891 1368 988 1432 ratio:
1019 1367 1103 1447 ,Der
1125 1366 1233 1451 lunge
1256 1391 1325 1432 war

207 1472 367 1538 natdrlich
391 1474 465 1537 kein
489 1475 593 1558 Lump
619 1475 691 1538 —‘.

314 1578 404 1655 Quod
439 1582 466 1644 si
501 1581 547 1644 ita
570 1584 627 1657 est,
652 1581 727 1665 quid
752 1585 801 1644 est
824 1583 964 1665 propius,
989 1604 1084 1665 quam
1109 1585 1144 1645 ut
1169 1581 1266 1644 etiam
1290 1580 1323 1644 in

207 1709 257 1751 vv.
283 1686 414 1750 555—(i
449 1688 581 1751 eandem
616 1689 768 1751 ironicam
805 1688 973 1751 dictionem
999 1689 1203 1771 accipiamus,
1228 1690 1324 1777 atque

208 1793 362 1857 excidisse
395 1797 541 1877 putemus
575 1795 609 1857 in
632 1818 661 1858 v.
687 1795 750 1858 555
774 1797 906 1859 verbum
930 1817 991 1858 uon
1015 1793 1085 1876 (cfr
1108 1793 1203 1858 Most.
1230 1793 1323 1875 104):

300 1910 374 1973 555.
428 1909 574 1974 Videlicet
610 1907 712 1994 (aaa)
745 1932 880 1994 parcam
911 1911 1003 1973 illum
1024 1911 1124 1993 fuisse
1146 1930 1248 1973 senem
1271 1911 1325 1995 pai

530 2014 603 2101 (td)
629 2017 753 2082 dicerit.

245 2131 330 2211 ,Der
353 2131 439 2209 Alte,
464 2132 520 2196 der
543 2134 598 2197 das
622 2136 726 2218 segle,
749 2155 815 2198 war
838 2133 998 2197 natttrlich
1024 2134 1096 2197 kein
1122 2132 1302 2199 Geizhals“.

314 2238 363 2303 De
398 2239 513 2303 omissa
541 2261 672 2304 caesura
695 2240 799 2304 media
822 2263 852 2304 v.
877 2241 1024 2324 exempla
1047 2264 1066 2303 a
1090 2239 1215 2304 Klotzio
1226 2236 1251 2316 ²)
1277 2240 1325 2304 al·

205 2344 272 2409 lata
306 2368 337 2428 p.
374 2346 538 2411 209-11.
585 2344 649 2410 Sed
684 2368 814 2411 caesura
850 2347 953 2410 media
989 2351 1045 2422 est,
1081 2347 1109 2411 si
1143 2347 1325 2411 scandimus

204 2453 339 2535 pirrum
364 2453 453 2516 illum
478 2457 610 2517 sonante
634 2454 805 2518 litteram.
854 2450 927 2538 (td)
953 2475 1024 2517 cum
1041 2459 1180 2518 Lomano
1204 2454 1324 2530 addidi,

207 2558 290 2642 quod
313 2561 446 2624 verbum
472 2561 556 2624 inter
579 2560 703 2624 litteras
726 2563 739 2623 i
762 2565 794 2624 et
817 2561 838 2622 d
862 2561 1013 2624 facillime
1038 2561 1184 2624 excidere
1208 2561 1323 2645 potuit.

315 2665 438 2730 Deinde
472 2688 598 2731 versum
635 2667 699 2731 556
734 2668 780 2730 ita
810 2669 948 2731 correxit
976 2666 1110 2742 Ritschl,
1147 2689 1242 2751 quem
1275 2690 1326 2730 se·

114 2761 116 2765 ⁴
207 2771 315 2856 quitur
327 2778 407 2837 Leo:
433 2772 530 2852 Quom
546 2775 608 2856 ille,
625 2775 675 2863 illi
690 2776 745 2858 qui
756 2775 930 2858 pollicetar,
944 2795 1013 2837 eum
1028 2774 1129 2837 cibum
1142 2777 1324 2857 poposcerit.

206 2880 304 2943 verbo
338 2900 428 2964 quom
464 2902 513 2943 ex.
538 2881 607 2944 cod.
632 2879 659 2943 B
682 2884 812 2962 recepto
836 2903 894 2964 pro
918 2885 1095 2944 ceterorum
1119 2883 1269 2965 queniam
1293 2886 1325 2945 et

206 2985 407 3068 transpositis
437 2986 543 3050 verbis
562 2987 728 3070 pollicetur
751 2989 814 3072 pai.

313 3090 385 3171 Sed,
409 3094 554 3176 quamvis
577 3094 741 3177 impedita,
765 3116 828 3157 ιιοιι
852 3094 1012 3159 offendere
1036 3093 1131 3157 debet
1155 3116 1192 3157 ea
1210 3095 1326 3159 verbo·

207 3221 277 3263 rum
300 3199 473 3276 collocatio,
498 3222 593 3283 quam
616 3203 773 3284 praebent
796 3201 935 3265 codices:

278 3322 433 3403 Quoniam
456 3324 509 3387 ille
531 3323 581 3386 illi
601 3325 851 3409 pollicetur,·qui
874 3345 944 3387 eum
967 3325 1067 3388 cibum
1086 3328 1267 3409 poposcerit,

206 3444 291 3511 Vere
316 3447 400 3511 enim
424 3445 573 3510 Plautina
597 3451 660 3512 est:
689 3470 784 3531 quam
808 3449 927 3531 optime
951 3449 1123 3513 illustravit
1147 3449 1325 3533 Plautoque

206 3552 381 3616 vindicavit
395 3552 559 3637 Lindskog
571 3548 605 3628 ³).
631 3552 687 3618 cfr
698 3554 869 3637 praecipue
884 3553 937 3616 As.
953 3556 1016 3619 323
1030 3557 1062 3618 et
1074 3554 1156 3620 Rud.
1172 3555 1324 3620 liar—5

206 3656 252 3740 (p.
277 3658 342 3736 53),
366 3679 406 3721 ne
430 3656 493 3721 alia
517 3658 630 3722 addam
654 3682 703 3724 ex.
727 3659 845 3723 similia
868 3662 903 3723 ιιι
926 3659 1003 3725 Gist.
1030 3661 1102 3737 654,

315 3813 334 3880 ¹)
352 3817 505 3869 Aulidem
524 3817 637 3882 signum
658 3819 743 3870 etiam
764 3819 794 3870 in
813 3818 893 3885 Capt.
908 3818 1014 3871 568-5)
1033 3820 1138 3873 addere
1152 3821 1324 3876 debuerunt.

207 3905 280 3957 Utut
307 3910 359 3969 est,
388 3906 621 3972 interrogationis
650 3908 772 3972 signum,
800 3908 981 3973 quodetiam
1001 3911 1133 3962 versibus
1152 3909 1258 3962 saa-o
1277 3912 1324 3963 tri-

207 3993 339 4057 buerunt,
359 4010 418 4046 non
437 3994 565 4061 intelligo
585 3996 653 4061 quid
673 3996 727 4048 sibi
747 3996 825 4063 velit,
845 3998 868 4048 si
887 4013 985 4049 eorum
1005 3999 1158 4050 lectionem
1180 4003 1324 4055 tenemus.

315 4079 336 4148 ’)
353 4083 446 4148 Klotz,
466 4083 585 4136 Altrdm.
605 4085 687 4136 Metr.
726 4085 841 4151 Leipzig
861 4085 937 4138 1890.

314 4167 335 4237 ⁸)
361 4170 401 4224 01.
428 4171 574 4237 Lindskog
592 4173 723 4239 Beitrage
743 4190 792 4226 zur
811 4174 914 4226 Gesch.
936 4175 987 4227 der
1006 4177 1197 4247 Salustellung
1215 4179 1254 4230 im
1276 4180 1322 4235 Le·

208 4259 276 4313 tein.
314 4261 376 4313 Act.
395 4260 481 4314 Univ.
501 4261 592 4313 Lund.
612 4262 730 4315 XXXII
748 4279 776 4329 p.
795 4262 831 4316 50
849 4279 909 4330 sqq.
