3076 5190
696 521 844 584 ...9-

441 699 513 781 fieri
535 699 617 784 qnod
641 701 728 761 illone
748 701 895 782 postulat,
920 703 949 762 si
973 701 1067 783 recipi
1092 702 1194 779 ootim,¹

329 807 395 870 vel:
443 807 524 892 quod
559 808 646 869 illaec
679 809 816 890 posinna
852 816 883 868 n!
913 807 1040 885 tration,
1066 829 1157 869 sunm
1181 811 1209 870 si
1235 809 1320 870 nolim

549 917 698 998 pralium.

209 1045 258 1111 Ne
282 1049 312 1110 in
338 1050 434 1111 verbo
459 1049 546 1110 iliam
570 1071 597 1110 v.
625 1049 688 1111 892
712 1048 863 1124 offendas
888 1046 947 1110 hoc
972 1048 1211 1130 perspicuitatis
1229 1068 1324 1110 causa

209 1178 264 1237 pro
299 1152 449 1219 reflexivo
483 1178 514 1218 sc
542 1154 754 1218 adhibendum
780 1158 849 1218 erat
875 1160 1003 1237 propter
1027 1154 1093 1218 rcfl.
1120 1176 1207 1237 pron,
1234 1155 1321 1237 quod

209 1262 366 1344 sequitur:
391 1263 434 1324 od
455 1284 527 1324 sese.

314 1366 538 1432 Coniunctivus
573 1369 673 1452 igitur
706 1369 852 1451 obliquus
888 1372 936 1431 est
971 1370 1010 1431 ad
1036 1367 1246 1431 Alcumenam
1272 1390 1325 1431 re·

207 1476 352 1558 spiciens.
401 1472 484 1538 Nam
520 1498 582 1558 qua
605 1476 677 1559 lege
703 1476 897 1539 reconciliari
922 1480 1036 1558 posset,
1063 1476 1132 1557 ipsa
1156 1476 1220 1538 iam
1245 1472 1323 1538 lore

209 1582 354 1645 audiente
380 1583 592 1647 disseruerat:

355 1708 418 1771 889
443 1716 498 1770 out
521 1711 597 1770 antis
618 1709 719 1789 frwiot
743 1711 785 1770 nn'
809 1710 860 1770 me
883 1716 973 1792 utque
997 1708 1120 1769 adnuet
1145 1710 1282 1789 iusrrper,

443 1815 535 1878 Nolle
558 1836 619 1877 esse
642 1816 724 1878 (licto
748 1837 825 1899 quoe
850 1818 881 1877 io
905 1835 952 1877 ine
977 1819 1126 1877 insontem
1147 1816 1290 1897 protulit.

315 1948 344 2010 2.
393 1946 557 2011 Relativae
581 1952 673 2011 sent:

208 2050 326 2134 Amph.
341 2053 418 2136 prol⁴
434 2055 485 2116 21.
514 2054 648 2116 Tametsi
669 2076 727 2137 pro
752 2057 878 2138 inanio
904 2056 982 2117 notis
1005 2055 1085 2139 qumi
1107 2055 1223 2116 (lictum
1240 2054 1324 2132 soret

511 2160 614 2223 Scina
636 2161 787 2243 facturos

392 2268 485 2331 1123.
511 2267 642 2348 (Dicit)
672 2268 817 2353 Eumque
839 2268 942 2349 sitirem
965 2290 1051 2330 onom
1075 2289 1145 2347 osse,
1170 2269 1224 2351 qro'
1252 2268 1323 2329 illos

617 2395 733 2457 ‹rapues
756 2377 869 2437 uicerit.

207 2479 321 2542 Bacch.
339 2480 530 2544 1097-8v.
545 2482 638 2545 infra.
657 2480 747 2564 capt.
763 2482 903 2555 362-3,
918 2480 987 2544 Cas.
1001 2481 1074 2556 671,
1089 2480 1165 2544 Gist.
1181 2481 1276 2543 585-
1292 2480 1322 2543 7.

208 2584 298 2649 Gurc.
323 2586 398 2651 488.
444 2587 482 2650 itt
517 2608 631 2650 nurum
666 2596 694 2651 ct
730 2596 836 2651 restem
871 2609 990 2654 ornnem
1023 2608 1113 2650 surim
1137 2608 1199 2649 esse
1223 2587 1323 2648 ‹riooot

549 2692 730 2779 [mflqonro
754 2705 826 2757 nnec
849 2695 980 2758 tutaret.

207 2800 304 2864 Mero.
330 2801 408 2883 prol.
434 2802 573 2878 55--58,
612 2802 663 2880 77,
701 2802 767 2864 Mil.
796 2804 888 2871 1391,
929 2802 979 2865 Ps.
1008 2802 1083 2879 597,
1110 2801 1262 2865 649-50
1295 2803 1321 2864 si

208 2929 277 2971 cum
302 2907 423 2971 Ritsch.
450 2917 483 2970 nt
507 2909 701 2977 damnamus⁴
729 2910 889 2985 1150--1,
915 2907 1002 2972 Trin.
1021 2910 1085 2972 214
1102 2909 1161 2971 nisi
1187 2908 1321 2972 causalis

207 3014 258 3078 hic
283 3015 502 3078 coniunctivus
526 3019 582 3078 est.

313 3149 343 3212 3.
390 3147 594 3231 Temporales
618 3152 709 3213 sent:

209 3255 262 3318 As.
287 3255 361 3318 442.
396 3256 488 3319 Aibat
513 3257 646 3336 reddere,
671 3278 761 3341 quom
785 3258 934 3340 extemplo
960 3258 1115 3319 intritum
1139 3265 1223 3319 esset.

207 3360 303 3424 Mero.
328 3362 406 3443 prot.
433 3362 482 3437 61,
510 3362 561 3437 67,
588 3362 639 3436 70,
666 3363 715 3426 73.
742 3361 792 3425 Ps.
821 3363 904 3425 1118
929 3363 1019 3444 (ubi),
1045 3361 1138 3426 Truc.
1164 3363 1317 3427 439--40

207 3464 322 3550 (dum);
349 3470 408 3533 901
437 3469 658 3552 (priusquam).

313 3602 342 3663 4.
390 3601 539 3666 Gausales
564 3606 655 3668 sent:

207 3709 266 3795 Ep.
291 3711 454 3787 414-16,
479 3710 547 3775 Mil.
574 3712 758 3776 1031--33,

314 4011 347 4075 In
373 4014 580 4077 reflexivo
606 4016 787 4097 pronomine
809 4015 955 4098 obliquae
973 4015 1123 4078 orationis
1141 4015 1319 4078 adhibendo

207 4142 277 4184 cum
312 4120 416 4183 soluta
450 4120 591 4183 oratione
626 4122 832 4204 posteriorum
870 4120 1000 4184 Plautus
1037 4122 1221 4207 ceteroquin
1250 4143 1320 4187 con·

206 4229 311 4307 sentit,
336 4230 368 4291 in
393 4230 512 4292 duobus
537 4228 689 4312 exemplis
714 4229 874 4295 abhorret.
