3076 5190
682 558 850 629 ..94-

314 729 484 808 indicativi
508 746 580 827 post
602 742 789 826 negativum
814 744 946 808 verbnm
971 740 1107 807 affectus
1130 736 1255 808 servati
1276 754 1327 806 ei⁴

206 849 345 934 emplum
371 851 413 914 sit

206 974 324 1041 Bacch.
344 976 441 1042 1072.
464 997 515 1040 coc
537 997 622 1040 uuuc
644 997 683 1040 ue
705 976 864 1040 miremini
887 975 978 1055 Quod
998 997 1061 1040 ucu
1085 975 1266 1060 triumpho:

312 1100 419 1164 Etiam
443 1100 477 1165 in
501 1123 550 1165 ex,
575 1100 657 1185 quod
682 1122 713 1184 p.
738 1101 781 1165 90
805 1100 931 1165 laudavi

206 1219 258 1291 Ps.
285 1227 357 1293 109.
416 1225 487 1294 Scis
509 1233 543 1290 tu
566 1224 691 1312 quidem
714 1225 820 1305 hercle,
845 1247 913 1291 mec
936 1225 970 1291 ci
992 1225 1169 1291 commovi
1193 1247 1296 1303 sacra,

420 1333 487 1413 Quo
507 1342 598 1418 pacto
620 1341 648 1398 ct
671 1341 806 1419 quuutcc
828 1335 941 1398 coicum
965 1333 1102 1398 turbelas
1125 1333 1214 1414 dure,

207 1457 397 1523 indicativus
419 1457 491 1522 ideo
514 1479 571 1522 suc
595 1457 663 1522 loco
687 1461 745 1533 est,
769 1458 930 1542 quianon
954 1461 1018 1522 tem
1044 1456 1112 1521 eius
1136 1457 1193 1542 qui
1219 1456 1326 1541 appel·

205 1565 291 1630 lutur
325 1564 484 1629 sententie
517 1586 613 1649 quem
648 1564 807 1648 loquentis
841 1565 940 1629 verba
975 1564 1159 1628 referuntur
1194 1561 1271 1644 (scis
1287 1591 1325 1616 =

205 1670 306 1758 ccyitc
329 1671 380 1736 vel
395 1673 525 1754 moneo).
560 1669 633 1736 Nou
656 1693 735 1755 opus
759 1675 807 1734 est
831 1671 992 1756 corrigere
1015 1668 1211 1736 ccumccrim.
1248 1667 1323 1734 Item

207 1778 325 1863 Amph.
352 1779 415 1843 106
438 1779 568 1843 ibidem.

312 1885 516 1970 Explicetiva
540 1906 608 1949 ense
632 1888 737 1969 potest
760 1888 840 1949 sent.
865 1885 1000 1950 relativa
1023 1884 1056 1949 in
1073 1883 1169 1950 Truc.
1183 1883 1323 1959 868-9‚

206 1991 288 2058 Rud.
313 1992 455 2057 618-·9.
502 1989 539 2056 In

206 2117 288 2183 Rud.
314 2117 388 2182 125.
420 2114 512 2198 (Dic)
536 2115 674 2202 Ecquem
699 2153 738 2162 -
764 2116 890 2198 uideris,

318 2224 387 2288 —8.
421 2222 485 2287 Hic
508 2222 586 2304 dico,
609 2221 645 2286 iu
667 2223 783 2305 sumum
813 2222 941 2288 Veneris
963 2222 1034 2310 qui
1055 2223 1264 2286 mulierculae

420 2331 512 2395 Duas
534 2350 636 2395 secum
659 2331 822 2395 adducit
844 2329 981 2417 quique
1003 2331 1213 2394 udcrucret
1235 2327 1296 2393 citi
1388 2358 1398 2371 -

425 2438 464 2502 Ut
486 2458 552 2502 rem
576 2436 716 2502 diuinam
738 2437 850 2520 facici,
874 2445 930 2501 cut
952 2434 1042 2501 hodie
1064 2443 1121 2500 cut
1143 2434 1226 2515 heri,

206 2582 268 2629 non
292 2563 395 2647 magis
418 2564 597 2628 necessario
621 2564 839 2628 coniunctivus
862 2563 1037 2648 requiritur
1053 2565 1124 2647 post
1138 2560 1192 2626 dic
1206 2583 1326 2648 ecquem

207 2669 322 2734 uideris
355 2692 450 2754 quani
484 2675 555 2754 post
581 2669 719 2755 Ecquem
744 2669 889 2734 uidistis?
910 2671 944 2733 iu
967 2693 997 2734 v.
1022 2670 1087 2734 315
1113 2673 1146 2733 et
1168 2670 1248 2737 320.
1294 2667 1326 2734 Si

206 2777 288 2841 hanc
323 2777 513 2841 locutionem
549 2777 740 2842 indicativus
767 2777 856 2862 sequi
881 2780 996 2861 potest,
1021 2777 1117 2840 etiem
1142 2779 1216 2860 post
1241 2776 1326 2840 illem

205 2906 262 2949 suc
297 2883 365 2948 loco
400 2887 459 2949 est.
506 2885 565 2948 Sed
601 2884 639 2948 de
674 2883 724 2947 his
757 2884 923 2948 sententiis
947 2887 979 2946 et
1003 2884 1041 2947 de
1065 2882 1170 2947 forme
1193 2881 1327 2947 adducit

205 2992 294 3057 alias.
