3076 5190
676 585 868 648 -141-

423 761 598 847 Qrooipoom
622 762 750 826 mortali
773 763 868 827 libero
890 767 981 828 ouria
1004 772 1149 846 atteram,

422 868 499 948 Qui
522 870 572 934 bic
594 873 880 934 commercaris
903 871 978 935 ciois
1001 872 1138 937 homines
1161 873 1297 937 liberos?

207 973 421 1040 Indicativum
445 979 582 1041 metrum
607 976 735 1062 flagitat
758 978 791 1041 in

208 1098 259 1163 Ps.
285 1100 361 1164 516.
422 1100 525 1184 Epora
551 1108 894 1186 circumscriptorem,
919 1100 1006 1187 quoi
1026 1100 1334 1188 proedi<ci>tur?

208 1205 258 1269 De
282 1204 339 1270 As.
365 1207 429 1271 724
454 1211 487 1271 et
510 1206 609 1272 Persa
633 1208 698 1272 636
722 1231 805 1273 mcx.

316 1327 353 1394 In
388 1329 448 1395 hoc
482 1331 549 1396 solo
583 1353 633 1396 ex.
658 1331 847 1396 correlatum
883 1353 946 1395 nou
983 1332 1082 1409 adest,
1118 1333 1171 1395 sed
1204 1332 1333 1397 auditur

208 1437 441 1502 substantivum
468 1439 610 1503 lenones:

210 1541 262 1607 Ps.
287 1543 373 1608 205&
426 1545 514 1608 iiiior
537 1546 674 1608 audeant

423 1651 467 1715 Id
487 1652 602 1733 facere,
626 1652 771 1737 quibas
794 1661 828 1715 ut
852 1655 990 1716 serviunt

423 1759 504 1821 Suos
527 1780 616 1822 amor
639 1759 771 1843 capit?

589 1863 694 1948 [illino
717 1863 759 1945 A,
782 1888 820 1930 no
843 1867 894 1929 iiii
917 1864 958 1949 P]

316 1986 381 2053 Ubi
413 1990 545 2054 verbum
569 1992 633 2054 misi
656 1990 790 2054 relativo
814 1991 990 2075 pronomini
1016 1991 1186 2070 antecedit,
1211 1991 1332 2056 iudica·

209 2095 293 2159 tivus
318 2096 469 2160 facillime
493 2101 646 2161 servatur.
696 2096 767 2161 Hoc
791 2098 875 2161 enim
892 2100 989 2162 verbo
1007 2098 1115 2162 addito
1132 2098 1333 2163 adversativa

209 2200 257 2266 vis
281 2202 400 2267 lenitur
426 2204 550 2282 saltem,
575 2204 600 2267 si
626 2226 687 2267 non
712 2207 778 2268 tcta
802 2205 989 2269 absumitur.
1037 2204 1234 2269 Oorrelatum
1259 2226 1331 2269 cum

209 2309 304 2389 adsit,
318 2310 508 2376 indicativus
525 2333 561 2375 ec
578 2312 681 2396 magis
698 2312 872 2395 requiritur
888 2312 920 2375 in
936 2310 986 2375 his
999 2312 1138 2375 definitis
1151 2311 1331 2376 sententiis:

209 2415 266 2480 Aa.
293 2416 367 2482 724.
426 2419 511 2497 Quid
548 2439 600 2501 epo
635 2419 726 2482 alioci
767 2426 903 2503 ocopdem
938 2420 1074 2503 amplius
1108 2421 1191 2481 crisi
1225 2418 1335 2481 iliud

530 2527 675 2610 quoius
698 2526 861 2609 inopiam?

210 2629 395 2695 Persauao.
422 2631 508 2709 Quae
531 2631 609 2695 mibi
632 2634 673 2695 sit
705 2631 788 2696 reici
820 2633 927 2703 haec,
961 2633 1028 2695 ubi
1059 2653 1143 2696 nunc
1174 2632 1283 2695 curn?

210 2755 270 2818 Sed
317 2759 350 2818 et
395 2756 510 2820 omisso
554 2756 712 2820 correlato
756 2756 945 2820 indicativus
989 2755 1080 2820 uobis
1123 2756 1261 2819 occurrit
1299 2755 1333 2818 in

210 2860 270 2945 Ep.
299 2863 348 2925 19.
386 2862 471 2942 Quid
496 2863 551 2926 tibi
574 2864 620 2926 oia
643 2863 746 2927 dicum
780 2864 864 2926 nisi
897 2863 999 2947 quod
1033 2862 1114 2926 eat?
1147 2862 1234 2944 (cum
1259 2883 1334 2925 con·

209 2968 369 3033 iunctivus
391 2970 578 3053 reperiatur,
605 2970 660 3034 ubi
683 2969 768 3033 idem
793 2972 841 3032 est
865 2969 1029 3052 utriusque
1053 2968 1230 3032 sentcntiae
1254 2969 1329 3031 sub·

208 3075 342 3141 iactum:
382 3075 451 3140 Mil.
476 3077 550 3141 300.
580 3076 665 3156 Quid
687 3076 742 3139 tibi
764 3078 811 3139 oia
834 3074 947 3154 dicam,
972 3076 1037 3139 nisi
1059 3074 1142 3160 quod
1163 3072 1332 3155 acorrima

210 3184 244 3244 et
267 3182 300 3246 in
323 3181 498 3246 infinita
521 3183 681 3246 sententia
704 3183 762 3246 rel.

211 3304 397 3372 Persa132.
423 3305 479 3370 Me
503 3313 536 3370 ui
558 3308 722 3391 quisquam
747 3307 831 3370 norit
866 3307 949 3369 nisi
976 3307 1048 3369 ilio
1079 3308 1147 3390 qui
1167 3305 1334 3389 praebet

531 3413 657 3477 eduin?

317 3533 360 3602 II.
408 3535 540 3601 Praeter
570 3536 686 3602 Persae
719 3537 781 3601 132
818 3535 954 3600 alterum
988 3534 1048 3599 hoc
1084 3538 1132 3598 cst
1165 3534 1332 3598 indicativi

209 3643 327 3707 servati
353 3644 534 3727 exemplum
557 3644 591 3707 in
626 3643 804 3707 infinita
827 3645 907 3706 sent.
932 3642 999 3718 rel„
1024 3663 1105 3725 quae
1130 3641 1331 3705 adversativa

209 3750 242 3814 vi
266 3753 363 3828 caret,
389 3750 546 3815 correlato
570 3751 724 3833 ascripto:

211 3855 309 3920 Persa
326 3856 400 3921 638.
429 3857 602 3942 Tamquam
626 3856 787 3936 bominem,
814 3856 938 3941 quando
954 3856 1096 3918 animem
1113 3853 1241 3935 cederit,
1258 3853 1335 3938 quid

447 3985 449 3989 ·
533 3985 613 4027 curn
637 3984 771 4048 quaeras
794 3964 862 4047 qui
884 3959 993 4042 fuit?

319 4070 515 4137 Indicativus
539 4071 571 4134 in
596 4069 655 4134 hac
680 4073 771 4147 sent,
808 4090 888 4152 quae
913 4067 1075 4130 notionem
1098 4073 1254 4129 mortuum
1279 4087 1332 4129 ex·

212 4179 332 4263 primit‚
368 4200 405 4242 eo
440 4178 637 4262 probabilior
671 4181 728 4256 est,
766 4176 850 4259 quod
886 4175 919 4237 in
955 4173 1040 4237 idem
1063 4174 1193 4236 verbum
1223 4193 1333 4241 versus

173 4334 177 4338 ·
211 4286 437 4354 antecedentes
461 4291 589 4356 exeunt.
